3050 4900
519 479 658 553 122
916 473 1482 549 RYCCARDUS
1536 474 1661 547 DE
1715 474 1790 547 S.
1844 473 2303 548 GERMANO

512 680 843 750 fautores
883 698 1070 774 quos
1108 674 1482 749 invenerit
1514 674 1739 747 huius
1779 674 2112 747 criminis
2152 698 2353 769 reOS,
2392 676 2534 747 sub
2568 698 2706 747 suo

511 789 589 850 et
623 776 994 849 iustitiarii
1031 786 1232 849 terre
1267 774 1603 850 Laboris
1614 776 2045 849 testimonio
2100 774 2238 849 sibi
2292 778 2566 849 debeat
2598 774 2706 847 in-

509 878 801 950 timare.

661 976 1074 1074 Gregorius
1113 1000 1309 1075 papa
1345 977 1626 1049 Urbem
1677 974 1965 1069 exiens,
2019 974 2225 1046 venit
2258 949 2704 1071 Anagniam.

659 1078 923 1151 Mense
961 1076 1278 1191 Augusti
1331 1080 1420 1149 ad
1462 1080 1900 1150 mandatum
1936 1074 2281 1148 Hectoris
2320 1077 2413 1147 de
2450 1077 2703 1149 Monte

512 1178 828 1251 Fusculo
882 1176 1250 1251 iustitiarii
1298 1188 1496 1249 terre
1551 1177 1860 1249 Laboris
1916 1184 2101 1273 aput
2146 1175 2486 1248 Teanum
2538 1199 2704 1274 pre-

507 1278 638 1351 lati
691 1278 814 1351 isti
871 1273 1326 1352 conveniunt
1375 1277 1449 1347 in
1506 1277 1625 1349 die
1664 1281 1757 1350 ab
1795 1279 2065 1350 eodem
2100 1275 2491 1348 iustitiario
2530 1301 2705 1349 con-

505 1379 811 1475 stituto,
865 1378 1148 1451 scilicet
1201 1380 1706 1472 Casertanus.,
1761 1374 2195 1473 CalvensiS,
2252 1376 2705 1475 Calinensis.,

519 1480 1016 1567 venafranus,
1052 1478 1467 1576 Aliphanus
1500 1489 1573 1549 et
1601 1478 1970 1573 Nolanus;
2010 1488 2129 1551 set
2155 1477 2403 1549 nullus
2436 1501 2700 1550 eorum

509 1606 594 1655 se
647 1580 1074 1653 molestiam
1125 1580 1247 1652 vel
1299 1578 1647 1651 iniuriam
1699 1602 2013 1676 passum
2050 1577 2287 1652 fuisse
2324 1582 2417 1650 ab
2454 1578 2700 1676 aliquo

509 1679 938 1754 officialium
980 1691 1440 1776 conquestus
1481 1690 1621 1752 est.

659 1783 940 1855 Eodem
980 1804 1248 1852 mense
1287 1783 1723 1853 mandatum
1762 1782 1855 1851 de
1892 1778 2251 1851 diruendo
2292 1782 2529 1875 burgo
2566 1781 2701 1854 Ca·

512 1904 658 1977 pue
699 1882 790 1952 ad
828 1880 1277 1977 magistrum
1315 1879 1792 1953 iustitiarium
1832 1904 1876 1953 a
1914 1902 2179 1953 cesare
2218 1879 2619 1951 emanavit.

661 1982 940 2053 Hector
997 1983 1088 2054 de
1151 1981 1406 2054 Monte
1467 1981 1789 2054 Fusculo
1850 2003 1989 2078 per
2054 1978 2593 2077 imperatorem
2657 2003 2702 2051 a

509 2080 986 2155 iustitiariatu
1049 2091 1485 2178 amovctur,
1570 2090 1649 2154 et
1708 2081 2141 2178 Stephanus
2204 2083 2295 2154 de
2352 2080 2697 2177 Anglone

513 2182 983 2257 substituitur
1017 2181 1139 2255 illi.

659 2283 888 2356 Iudex
943 2283 1207 2355 Petrus
1264 2285 1358 2355 de
1403 2282 1701 2355 Telesia
1762 2280 2325 2379 inquisitionem
2388 2280 2567 2353 facit
2626 2281 2696 2353 in

511 2382 802 2458 abbatia
860 2385 952 2456 de
1009 2382 1441 2456 hominibus
1494 2381 1821 2457 demanii
1876 2381 2325 2481 imperialis,
2381 2404 2697 2481 quorum

511 2496 869 2582 parentes
910 2494 986 2554 et
1021 2484 1140 2556 avi
1177 2487 1270 2557 de
1303 2483 1525 2557 terris
1556 2483 1882 2556 demanii
1910 2483 2279 2580 originem
2309 2485 2697 2580 duxerant,

512 2595 590 2657 et
627 2607 890 2656 eorum
928 2583 1235 2656 nomina
1273 2584 1567 2681 redegit
1592 2585 1667 2656 in
1699 2584 2027 2683 scriptis,
2063 2595 2144 2657 ut
2168 2586 2260 2658 de
2290 2584 2463 2680 illis,
2500 2585 2697 2682 quod

511 2685 648 2758 sibi
687 2683 1244 2783 beneplacitum
1278 2684 1527 2780 fuerit,
1582 2685 1806 2758 faciat
1842 2685 2269 2782 imperator.

661 2786 927 2858 Mense
957 2785 1424 2883 Septembris
1454 2786 1783 2859 Thomas
1814 2789 1905 2858 de
1931 2786 2222 2884 Aquino
2246 2787 2697 2858 Acerrarum

513 2911 770 2960 comes
811 2890 1164 2960 mandato
1202 2885 1677 2984 imperatoris
1710 2886 1783 2958 in
1813 2886 2337 2960 Lombardiam
2367 2885 2570 2959 vadit
2606 2888 2697 2957 ad

513 2987 890 3060 civitatem
930 2989 1332 3083 Cremone,
1386 3012 1533 3085 que
1570 2987 1775 3059 favet
1808 2986 2264 3101 imperatori.

661 3088 926 3159 Mense
967 3087 1310 3160 Octobris
1353 3087 1773 3160 cardinales
1812 3088 1935 3185 qui
1974 3112 2059 3161 se
2095 3087 2331 3160 Reate
2371 3087 2698 3208 contule-

511 3197 703 3284 rant,
758 3186 1090 3259 revocati
1131 3211 1172 3259 a
1211 3209 1410 3283 papa
1447 3190 1539 3260 ad
1576 3188 1855 3262 Urbem
1890 3191 2230 3262 redeunt.

657 3287 922 3360 Mense
976 3287 1422 3362 Novembris
1475 3287 1885 3386 Gregorius
1949 3312 2147 3388 papa
2208 3289 2301 3361 de
2350 3287 2697 3384 Anagnia

508 3387 699 3460 redit
735 3390 827 3460 ad
864 3389 1161 3461 Urbem.

656 3487 1076 3586 Imperator
1143 3488 1344 3562 diem
1405 3489 1677 3563 natalis
1730 3489 1847 3564 sui
1897 3513 2035 3588 per
2083 3499 2321 3562 totum
2371 3511 2697 3584 regnum

510 3611 734 3661 suum
785 3593 1092 3662 mandat
1138 3591 1212 3663 in
1251 3589 1446 3663 festo
1484 3591 1681 3663 beati
1695 3589 2287 3704 protomartyris
2332 3587 2700 3702 Stephani

509 3688 912 3786 magnifice
964 3691 1535 3786 celebrandum3
1589 3691 1711 3789 qui
1765 3715 2033 3764 mense
2068 3691 2509 3766 Decembris
2562 3688 2701 3762 fuit

509 3793 600 3862 ab
655 3791 1079 3865 hominibus
1123 3792 1379 3865 Sancti
1415 3791 1775 3864 Germani
1814 3796 1905 3865 ad
1942 3791 2181 3889 ipsius
2219 3790 2697 3888 imperatoris

505 3892 876 3964 honorem
929 3890 1330 3990 magnifice
1384 3892 1847 3988 celebratus,
1912 3892 2012 3965 ita
2069 3894 2264 3990 quod
2320 3914 2696 3989 pauperes

508 3991 700 4064 ultra
752 3995 1204 4090 quingentos
1259 3995 1939 4089 manducaverunt,
2008 4003 2084 4065 et
2153 3992 2467 4065 saturati
2522 3999 2699 4064 sunt

509 4092 732 4164 nimis
773 4117 967 4190 pane
1008 4093 1178 4166 vino
1217 4103 1296 4165 et
1331 4092 1736 4166 carnibus
1716 4117 1791 4164 1n
1827 4093 2077 4190 platea
2117 4092 2433 4208 publica.

655 4193 1076 4291 Imperator
1109 4203 1290 4292 aput
1317 4193 1799 4288 syracusiam
1836 4194 2098 4268 statuit
2132 4195 2205 4267 in
2238 4193 2441 4267 curia
2468 4215 2701 4289 gene·
2758 4211 2791 4250 -a

511 4292 672 4389 rali,
729 4304 807 4364 ut
857 4293 1036 4366 nulli
1087 4297 1356 4366 amodo
1413 4293 1637 4367 liceat
1686 4298 1777 4368 de
1826 4293 1999 4368 filiis
2038 4305 2115 4368 et
2149 4293 2445 4368 filiabus
2484 4291 2701 4389 regni
