3050 4900
471 414 608 485 112
869 409 1436 483 RYCCARDUS
1485 410 1609 481 DE
1666 410 1737 483 S.
1795 410 2257 485 GERMANO

463 612 594 685 sub
631 610 890 683 eisdem
923 611 1358 703 ponderibus
1392 617 1461 681 et
1493 614 1843 684 mensuris
1876 613 2159 705 maynis
2196 612 2305 683 vel
2328 612 2661 705 minimis,

469 718 536 784 et
589 713 719 783 sub
767 710 1026 783 eisdem
1077 714 1350 804 cannis,
1406 734 1539 805 que
1588 714 1761 805 ipsis
1811 714 2017 783 curia
2071 718 2325 786 nostra
2364 711 2659 805 dederit,

467 812 768 885 vendere
819 812 1144 883 volumus
1189 834 1458 883 merces
1507 834 1685 883 suas
1696 840 1722 902 ,-
1777 814 1882 883 ita
1917 818 2181 905 tamen,
2234 818 2315 883 ut
2348 835 2434 883 ex
2468 835 2659 883 men-

466 914 657 985 suris
705 912 1100 983 maioribus
1149 914 1218 981 in
1269 914 1442 1003 iure,
1498 912 1692 1005 quod
1746 935 1831 983 etc
1884 914 1984 983 eis
2040 914 2232 983 curie
2278 918 2519 983 nostre
2548 911 2667 985 ,vel

467 1012 748 1085 cuilibet
803 1012 944 1083 loci
1005 1011 1294 1084 domino
1357 1011 1786 1104 debebatur,
1867 1012 2131 1085 nullum
2196 1011 2662 1085 collatoribus

473 1113 866 1206 dampnum
926 1111 1031 1183 vel
1080 1110 1546 1205 preiudicium
1604 1114 1985 1204 afferatur,
2041 1120 2108 1183 et
2149 1136 2286 1205 pro
2334 1114 2664 1205 portione

465 1215 736 1307 prioris
785 1214 1082 1283 minoris
1133 1235 1462 1283 mensure
1514 1212 1885 1305 'diliyenter
1940 1218 2251 1303 attenta,
2304 1234 2451 1283 non
2502 1211 2663 1305 plus

471 1312 817 1405 solvatur,
854 1313 992 1383 nisi
1024 1318 1366 1405 quantum
1393 1314 1721 1404 primitus
1746 1312 2175 1384 solvebatur.
2242 1312 2421 1383 Illud
2450 1313 2663 1384 etiam

469 1413 780 1505 presenti
815 1413 1297 1483 constitutioni
1329 1418 1571 1483 nostre
1608 1414 2123 1507 coniunyimu8‚
2180 1418 2255 1483 ut
2293 1411 2665 1483 vendentes

469 1536 758 1607 pannos
814 1515 884 1583 in
927 1518 1290 1605 posterum
1345 1514 1541 1604 ipsos
1590 1514 1782 1585 ultra
1838 1536 1981 1584 non
2027 1511 2479 1603 abstrahant,
2530 1514 2667 1583 nisi

476 1620 818 1708 quantum
873 1618 942 1683 et
987 1618 1337 1705 quatenus
1389 1636 1629 1685 canna
1682 1612 2149 1705 protenditur,
2204 1618 2308 1683 set
2355 1614 2505 1683 sine
2542 1612 2665 1682 ab-

475 1714 888 1784 stractionis
943 1712 1188 1805 aliqua
1235 1710 1589 1804 violentia,
1642 1715 1821 1785 sicut
1870 1712 2117 1784 melius
2153 1736 2309 1783 cum
2350 1718 2667 1805 emptore

475 1814 850 1883 convenire-
881 1818 1232 1903 poterunt,
1273 1811 1472 1882 nulla
1511 1813 1661 1881 alia
1698 1812 1961 1896 fraude
2003 1812 2109 1883 vel
2140 1812 2669 1883 machinatione

477 1912 820 2003 adhibita,
873 1934 1157 2004 pannos
1193 1920 1386 2003 ipsos
1424 1913 1723 1983 vendere
1757 1913 2269 2004 procurabunt.

626 2012 831 2082 Idem
899 2022 1266 2105 augustus
1290 2007 1385 2085 44:
1459 2010 1569 2083 Ad
1620 2012 1931 2106 leyitima
1984 2012 2309 2105 pondera
2356 2018 2425 2083 et
2474 2033 2666 2081 men-

473 2136 692 2183 suras
759 2136 1024 2182 merces
1091 2112 1440 2206 quaslibet
1503 2112 1800 2184 vendere
1860 2113 2183 2185 volumus
2246 2111 2667 2183 venditores.

481 2212 909 2307 Quicumque
949 2220 1182 2282 autem
1221 2212 1613 2295 falsitatem
1654 2220 1715 2285 et
1750 2213 2087 2296 fraudem
2128 2212 2353 2284 aliam
2380 2214 2451 2281 in
2480 2234 2669 2281 men-

477 2315 664 2383 suris
703 2319 914 2407 atque
942 2312 1382 2405 ponderibus
1421 2312 1528 2383 vel
1562 2316 1813 2384 cannis
1849 2316 2168 2385 inventus
2215 2314 2433 2396 fuerit
2482 2335 2671 2383 com-

479 2416 774 2499 misisse,
815 2419 942 2483 aut
976 2414 1096 2506 qui
1128 2436 1414 2504 pannos
1453 2413 1911 2504 abstraxerit,
1950 2438 2172 2485 unam
2208 2413 2467 2487 libram
2508 2414 2675 2484 auri

473 2515 846 2605 purissimi
899 2517 1070 2598 fisco
1125 2519 1371 2583 nostro
1429 2522 1855 2606 componat5
1918 2539 2133 2608 quam
2181 2516 2244 2585 si
2294 2514 2475 2584 dare
2528 2536 2672 2584 non

480 2615 760 2706 poterit,
815 2612 1377 2704 condempnatus
1430 2637 1589 2684 eum
1644 2614 1957 2706 pondere
2007 2638 2130 2686 seu
2182 2636 2522 2684 mensura
2572 2611 2675 2684 ad

487 2713 741 2784 collum
797 2715 944 2783 eius
997 2714 1332 2804 appensis
1386 2716 1455 2784 in
1509 2716 1621 2784 sui
1664 2739 1924 2807 penam
1966 2714 2407 2808 aliorumque
2444 2737 2673 2784 exem-

480 2813 676 2906 plum
724 2837 854 2906 per
903 2821 1210 2906 terram,
1265 2815 1336 2882 in
1391 2837 1537 2908 qua
1580 2815 1913 2898 fraudem
1968 2816 2347 2906 commisit,
2398 2813 2676 2904 publice

483 2915 882 3007 fustiyetur‚
939 2921 1158 2984 m‘anu
1211 2915 1271 2981 ei
1313 2915 1373 2983 si
1407 2915 1721 2986 secundo
1760 2914 2235 3006 deprehensus
2270 2915 2483 2998 fuerit
2520 2937 2675 2983 am-

481 3013 856 3104 putanda3
912 3020 980 3083 et
1021 3015 1083 3082 si
1130 3015 1332 3082 tertio
1370 3016 1734 3084 iteraverit
1761 3021 2203 3108 perpetrata,
2258 3017 2487 3107 ipsum
2524 3036 2679 3084 sus-

487 3112 700 3205 pendi
737 3113 1073 3182 iubemus.
1523 3179 1528 3184 .

642 3212 848 3284 Idem
886 3221 1253 3306 augustus
1269 3210 1363 3284 45:
1435 3213 1705 3286 Penam
1754 3221 2008 3286 contra
2046 3221 2485 3286 mercatores
2520 3237 2681 3284 cor-

495 3317 749 3404 ruptas
785 3335 1052 3384 merces
1087 3312 1462 3384 vendentes
1500 3321 1567 3384 et
1604 3317 1876 3406 vetitas,
1928 3339 2051 3386 seu
2090 3314 2191 3387 ad
2220 3315 2456 3400 falsas
2492 3337 2682 3386 men-

493 3434 708 3482 suras
765 3419 834 3482 et
883 3435 1164 3484 cannas
1213 3421 1282 3484 et
1322 3415 1651 3508 pondera
1706 3415 2179 3486 distrahentes
2214 3417 2480 3486 nostris
2516 3437 2683 3486 con-

495 3513 969 3584 stitutionibus
1017 3516 1464 3607 prestitutas‚
1519 3517 1591 3585 in
1636 3517 2031 3608 pereyrinis
2085 3515 2389 3608 deceptis
2440 3515 2531 3585 ab
2584 3516 2684 3586 eis

496 3611 820 3698 volumus
875 3613 1230 3706 duplicari
1242 3643 1270 3705 ,-
1339 3615 1819 3699 defensionem
1883 3618 2131 3686 etenim
2194 3623 2258 3686 et
2318 3616 2686 3687 scientiam

497 3720 824 3784 nostram
875 3714 1249 3786 succedere
1297 3715 1621 3785 volumus
1662 3715 1819 3786 loco
1854 3715 2351 3788 imbecillitatis
2388 3721 2455 3786 et
2488 3717 2686 3810 iyno-

496 3815 729 3883 rantie
761 3814 1268 3906 predictorum.

647 3914 758 3984 De
811 3913 1122 3986 medicis
1175 3925 1250 3985 et
1295 3911 1796 3987 medicinis‘ffi:
1863 3915 2157 3988 Utilitati
2190 3916 2487 4010 speciali
2518 3938 2687 4009 pro-

499 4013 870 4105 spicimus,
945 4039 1104 4085 cum
1167 4017 1524 4086 communi
1584 4015 1801 4086 saluti
1857 4016 2165 4102 fidelium
2207 4017 2687 4109 providemus.

500 4109 947 4185 Attendentes
1018 4117 1234 4207 iyitur
1300 4138 1523 4208 9rave
1587 4114 2029 4208 dispendium
2094 4123 2159 4187 et
2218 4117 2695 4211 irreparabile

505 4242 604 4324 44)
653 4243 693 4304 1.
739 4245 796 4317 3,
846 4247 931 4304 tit.
980 4245 1078 4306 51.
1309 4243 1408 4324 45)
1460 4244 1494 4307 Ι.
1543 4246 1600 4315 3,
1650 4245 1735 4306 tit.
1784 4249 1883 4309 52.
2112 4247 2214 4325 46)
2267 4248 2304 4310 1.
2352 4248 2409 4320 3,
2456 4249 2544 4311 tit.
2591 4248 2693 4311 45.
