3050 4900
530 455 631 527 50
936 447 1502 524 RYCCARDUS
1554 449 1679 521 DE
1732 449 1807 522 S.
1864 448 2329 523 GERMANO

531 654 726 750 apud
781 655 1156 722 Veronam
1211 673 1379 720 cum
1433 648 1598 722 aliis
1646 650 1845 722 orbis
1884 649 2341 747 principibus
2381 675 2515 748 pro
2556 676 2722 724 suc·
2748 643 2753 646 ¹

531 778 752 825 cursu
783 763 982 823 terre
1014 760 1274 824 sancte
1303 749 1588 822 curiam
1619 773 1887 847 regere
1912 753 2391 864 generalem:
2432 762 2508 824 et
2544 763 2721 824 tunc

529 856 698 926 data
735 852 910 948 fide,
947 851 1200 948 quod
1182 876 1254 922 in
1295 862 1500 923 certo
1540 851 1863 923 termino
1892 861 2277 948 tamquam
2310 851 2723 950 imperator
2848 935 2856 940 ⁴

525 955 600 1026 in
654 964 855 1026 terre
909 963 1172 1025 sancte
1227 952 1641 1026 subsidium
1680 952 2230 1047 transfretaret,
2280 953 2355 1024 in
2394 977 2715 1050 regnum

526 1055 852 1149 rediens,
897 1077 1198 1126 roccam
1237 1053 1413 1125 adiit
1449 1051 1881 1150 Magenulfi‚
1920 1077 2145 1150 quam
2183 1053 2401 1127 iussit
2438 1055 2717 1127 arctius

525 1155 844 1231 obsideri
886 1181 926 1226 a
966 1155 1254 1227 Thema
1283 1156 1732 1228 Acen-rarum
1773 1155 2046 1226 comite
2086 1165 2162 1226 et
2197 1155 2341 1228 hiis
2382 1156 2506 1252 qui
2544 1179 2717 1236 cum

525 1282 614 1330 eo
669 1266 919 1350 erant3
977 1266 1053 1327 et
1103 1255 1266 1354 ipse
1321 1255 1641 1328 festinus
1696 1254 1771 1326 in
1823 1253 2163 1328 Siciliam·
2203 1279 2558 1330 reversus
2598 1266 2716 1328 est

523 1367 830 1456 propter
865 1357 1360 1450 Myrabettum
1399 1356 1994 1430 sarracenorum
2034 1358 2330 1452 ducem,
2378 1357 2498 1454 qui
2540 1381 2711 1429 eam

520 1482 653 1556 pro
693 1457 971 1531 viribus
1009 1457 1434 1530 infestabat.

669 1558 1044 1631 Honorius
1099 1583 1294 1656 papa
1343 1559 1662 1630 Romam
1719 1556 2155 1651 revertitur,
2224 1582 2446 1654 quam
2508 1568 2709 1655 post-

520 1663 826 1732 modum
866 1660 1127 1732 exiens
1165 1659 1370 1732 venit
1406 1659 1761 1730 Alatrum.

667 1761 982 1832 Romani
1023 1783 1253 1857 super
1286 1759 1695 1832 Viterbium
1738 1761 2036 1830 vadunt.

667 1860 1165 1958 Imperatrix
1146 1885 1219 1931 in
1259 1859 1506 1932 Sicilia
1546 1858 1745 1932 obiit.

665 1962 939 2036 Comes
995 1961 1326 2033 Thomas
1379 1961 1471 2032 de
1518 1959 1825 2054 Celano7
1879 1959 2055 2031 licet
2108 1959 2292 2032 satis
2348 1951 2706 2055 arctatus*⁷

516 2072 878 2133 nocturno
917 2072 1262 2159 tempore
1299 2085 1598 2133 roccam
1630 2059 1891 2132 exiens
1922 2058 2355 2156 Magmmlfi,
2394 2064 2529 2132 sub
2556 2057 2704 2131 fido

513 2163 782 2234 ducatu
822 2163 963 2235 iter
1002 2163 1284 2234 faciens
1326 2187 1462 2260 per
1497 2171 1853 2233 montana
1894 2163 1983 2232 ad
2027 2170 2355 2231 castrum
2409 2186 2493 2232 se
2534 2185 2703 2232 con-

513 2263 746 2358 tulin,
804 2267 1000 2361 quod
1055 2264 1515 2358 Rayneriusb
1570 2265 1663 2334 de
1700 2264 1984 2334 Aversa
2028 2261 2359 2333 sororius
2399 2262 2559 2334 eius
2596 2272 2703 2334 te-

513 2368 772 2459 nebat5
829 2390 864 2436 a
914 2389 1058 2463 quo
1116 2365 1446 2462 acceptis
1503 2362 1717 2462 equis
1776 2373 1850 2434 et
1902 2363 2125 2434 sociis
2168 2361 2450 2460 paucis,
2506 2363 2703 2433 clan-

513 2465 677 2536 culo
719 2467 944 2538 intrat
981 2466 1412 2561 Obinulum7
1465 2475 1542 2537 et
1583 2465 1851 2537 deinde
1891 2490 2059 2536 cum
2101 2464 2259 2536 suis
2300 2488 2531 2561 super
2569 2466 2701 2537 Ce-

509 2565 765 2637 lanum
821 2567 1174 2660 veniens,
1231 2592 1366 2664 spe
1419 2569 1683 2637 ductus
1742 2590 2005 2636 eorum
2058 2567 2150 2636 de
2206 2565 2523 2660 Celsine,
2580 2566 2699 2661 qui

509 2666 968 2739 assistebant
1019 2668 1259 2740 eidem
1315 2678 1386 2739 et
1439 2676 1806 2738 noverant
1845 2666 2037 2738 illius
2077 2668 2512 2761 adventum„
2567 2666 2698 2738 im—

509 2768 861 2865 periales,
902 2768 1022 2865 qui
1064 2780 1277 2841 erant
1311 2768 1512 2840 intus
1545 2768 1905 2843 Celanum
1948 2777 2022 2838 et
2058 2766 2318 2837 turrim
2356 2791 2491 2864 pro
2531 2767 2697 2837 viri·

510 2873 645 2941 bus
699 2869 1278 2966 impugnabant,
1333 2868 1654 2941 diluculo
1710 2886 2127 2963 aggressus
2182 2876 2337 2961 est,
2411 2891 2695 2963 eosque

507 2968 580 3041 in
636 2970 896 3066 fugam
949 2970 1208 3067 vertit,
1277 2971 1553 3043 multos
1606 2970 1803 3066 cepit
1859 2978 1931 3039 et
1987 2967 2412 3039 carceribus
2468 2970 2696 3065 depu-

499 3070 726 3163 tavit3
799 3081 873 3142 et
935 3081 1110 3141 tunc
1169 3080 1402 3142 totam
1460 3070 1814 3146 Marsiat'n
1876 3070 2201 3165 equitat
2270 3070 2696 3165 predatur&

503 3171 906 3267 Paternum
967 3171 1356 3265 comburit,
1413 3182 1486 3243 et
1524 3195 1669 3268 que
1726 3180 1978 3269 potest
2024 3169 2097 3240 in
2139 3170 2417 3244 Celano
2468 3169 2693 3241 victui

503 3273 941 3344 necessaria
993 3282 1424 3371 congregat.
1532 3272 1695 3359 Quo
1750 3272 2047 3368 cognito
2099 3270 2343 3343 dictus
2380 3272 2693 3342 Acerra-

502 3396 668 3443 rum
711 3396 970 3445 comes
1013 3374 1270 3470 paucis
1303 3372 1394 3449 in
1449 3373 1838 3445 obsidione
1890 3396 2111 3444 rocce
2150 3370 2525 3443 Maienulfi
2580 3394 2693 3442 re-

502 3473 720 3568 lictis.
779 3498 920 3545 una
975 3498 1142 3546 cum
1195 3474 1583 3572 Stephano
1624 3473 2017 3549 Casinensi
2071 3475 2337 3546 abbate
2392 3482 2467 3543 et
2504 3472 2692 3565 Ray-

500 3575 716 3645 naldo
752 3577 1105 3671 Capuano
1137 3575 1709 3672 archiepiscopo
1749 3585 2003 3645 contra
2045 3574 2294 3671 ipsum
2336 3572 2687 3645 comitem

501 3700 731 3772 super
767 3677 1128 3749 Celanum
1183 3676 1416 3769 vadit·
1471 3676 1713 3749 dictus
1763 3686 2015 3746 tamen
2070 3674 2688 3771 archiepiscopus

498 3778 736 3849 subita
812 3776 1237 3849 infirmitate
1311 3786 1702 3873 coireptus
1775 3776 1847 3845 in
1934 3774 2051 3845 via
2128 3786 2467 3847 mortuus
2551 3783 2717 3846 est.

495 3879 752 3950 Dictus
805 3900 1065 3949 comes
1120 3877 1381 3949 Molisii
1423 3881 1513 3949 ab
1551 3879 2001 3948 Acerrarum
2040 3876 2315 3951 comite
2353 3900 2439 3947 ai
2442 3885 2685 3947 ctatus

495 3990 634 4071 est7
692 3990 764 4051 et
803 3979 1165 4052 Celanum
1209 3988 1414 4050 extia
1453 3981 1881 4050 obsessum

640 4080 1058 4177 imperator
1109 4079 1180 4149 in
1231 4078 1476 4151 Sicilia
1529 4080 1622 4151 de
1680 4078 2067 4150 Mirabetto
2120 4078 2555 4175 triumphat,
2614 4086 2687 4147 et

490 4241 540 4297 a)
584 4234 836 4301 Caspium
877 4237 1078 4285 addunt
1113 4235 1165 4285 2.
1210 4234 1259 4284 3.
1391 4234 1440 4300 b)
1484 4239 1557 4286 ita
1596 4236 1649 4287 2.
1693 4234 1752 4295 3;
1794 4232 1911 4303 Ray
1946 4214 2029 4289 ᾖς
2068 4230 2222 4301 Rayn
2271 4231 2316 4285 1.
2443 4234 2488 4298 c)
2531 4230 2685 4283 Civi—

487 4318 500 4359 t
547 4326 594 4359 m
635 4310 836 4359 addunt
879 4308 924 4360 l.
967 4309 1020 4358 2.
