3050 4900
543 446 688 521 130
936 442 1502 543 RYCCARDUS
1556 444 1679 515 DE
1732 443 1805 516 S.
1862 444 2323 519 GERMANO

532 643 796 740 Legati
852 642 1068 717 Urbis
1125 654 1200 716 et
1251 642 1483 715 totius
1538 643 1985 715 Lombardie
2042 654 2117 715 et
2154 644 2423 717 Tuscie
2464 647 2553 716 ad
2594 644 2730 715 im-

534 753 967 841 peratorem
1017 746 1317 817 vadunt.
1415 744 1681 816 Mense
1720 743 2066 816 Octobris
2124 768 2217 816 ex
2270 755 2483 841 parte
2522 744 2729 819 Casi-

533 844 793 917 nensis
833 854 1248 918 conventus
1288 847 1380 916 ad
1419 868 1594 917 eum
1632 868 1931 941 quoque
1968 846 2112 917 duo
2151 848 2460 940 vadunt⁷
2496 846 2731 917 frater

533 944 879 1018 videlicet
923 945 1182 1019 Simon
1247 948 1340 1017 de
1404 944 1895 1017 Presentiano
1972 955 2047 1017 et
2101 945 2333 1017 frater
2378 947 2725 1041 Amicus3

535 1046 658 1143 qui
697 1056 952 1119 tamen
991 1070 1161 1117 cum
1201 1044 1517 1117 aliarum
1557 1043 1836 1118 nuntiis
1868 1044 2251 1117 civitatum
2283 1070 2523 1143 usque
2552 1048 2729 1119 Cre·

535 1170 838 1219 monam
895 1149 1393 1244 procedentes
1444 1156 1516 1219 et
1558 1145 1773 1242 ultra,
1824 1146 2075 1243 ipsum
2113 1146 2371 1219 videre
2410 1170 2559 1217 non
2597 1172 2727 1244 po-

533 1256 864 1342 tuerunt⁷
919 1270 1088 1319 cum
1143 1268 1408 1317 mense
1460 1246 1905 1319 Novembris
1966 1257 2182 1343 capta
2222 1246 2522 1319 civitate
2557 1249 2727 1319 Vin-

535 1347 778 1420 centie
811 1370 1132 1444 propere
1159 1346 1234 1418 in
1261 1345 1777 1418 Alamaniam²
1814 1346 2246 1443 redivisset3
2286 1372 2512 1445 quam
2550 1347 2725 1420 civi-

533 1457 767 1520 tatem
804 1446 1002 1544 ignis
1042 1471 1176 1543 pro
1214 1456 1428 1545 parte
1468 1446 1871 1519 cremavit:

730 1548 876 1621 Pro
896 1550 924 1593 ὓ
961 1550 1228 1619 meritis
1263 1548 1496 1643 diynis
1544 1547 1899 1619 Vincentia
1936 1554 2001 1617 te
2036 1555 2315 1620 cremat
2344 1550 2527 1643 iynis
2544 1577 2571 1639 ,-

735 1648 1078 1721 Subderis
1113 1650 1408 1741 imperio
1445 1651 1720 1734 cesaris
1754 1650 2056 1743 inqenio.

681 1749 1012 1820 Thomas
1040 1749 1489 1821 Acerrarum
1529 1768 1789 1819 comes
1828 1758 1905 1820 et
1941 1748 2309 1821 Henricus
2346 1752 2441 1822 de
2473 1750 2719 1821 Mori-o

532 1847 902 1943 magister
933 1847 1372 1921 iustitiarius
1409 1848 1655 1919 vocati
1694 1852 1785 1920 ab
1822 1848 2277 1945 imperatore
2322 1853 2600 1921 vadunt
2626 1853 2719 1922 ad

529 1948 780 2046 ipsum
833 1972 1100 2021 mense
1150 1948 1622 2043 Decembris,
1675 1958 1794 2021 set
1845 1948 2096 2046 ipsum
2151 1950 2224 2022 in
2273 1950 2716 2023 Lombardia

529 2072 680 2121 non
717 2048 1194 2144 invenerunt,
1233 2072 1404 2121 cum
1439 2048 1528 2119 in·
1554 2049 2107 2145 Alamanniam⁷
2148 2060 2225 2122 ut
2262 2051 2539 2123 dictum
2576 2062 2720 2148 est,

529 2160 956 2223 remeasset
1008 2153 1100 2222 ad
1153 2152 1651 2222 edomandam
1700 2150 1909 2223 ducis
1945 2151 2245 2223 Austrie
2284 2151 2717 2249 nequitiam,

529 2250 652 2347 qui
690 2251 1188 2324 rebellaverat
1227 2250 1791 2348 contraipsum.
1890 2251 2296 2349 Propterea
2332 2253 2555 2325 iidem
2596 2276 2715 2323 co·

528 2374 694 2423 mes
745 2360 823 2423 et
877 2350 1244 2447 magister
1289 2350 1729 2423 iustitiarius
1768 2352 1840 2422 in
1876 2352 2401 2425 Alamaniam⁸
2448 2376 2714 2452 prope-

524 2462 802 2524 rarunt.
1375 2547 1382 2550 ³
2662 2457 2669 2466 '

677 2552 838 2624 Hoc
885 2577 1083 2624 anno
1137 2552 1402 2624 Petrus
1455 2553 1891 2650 Frayapane
1947 2554 2021 2630 in
2070 2559 2252 2628 urbe
2291 2555 2525 2627 Roma
2578 2579 2711 2652 pro

527 2662 738 2750 parte
792 2651 1264 2750 imperatoris
1317 2677 1671 2749 guerram
1726 2665 1981 2728 movet
2030 2665 2285 2727 contra
2326 2680 2598 2753 papam
2640 2666 2713 2728 et

527 2763 986 2850 senatorem,
1043 2764 1118 2827 et
1156 2755 1420 2827 seditio
1461 2755 1659 2827 facta
1698 2766 1815 2828 est
1850 2755 2078 2828 multa
2119 2756 2191 2828 in
2230 2757 2529 2855 populo,

1393 2997 1403 3001 ,
1498 2907 1749 2997 1237.

675 3045 940 3116 Mense
977 3044 1296 3116 Ianuarii
1337 3056 1602 3118 octavo
1644 3055 1889 3118 stante
1928 3049 2225 3138 eodem,
2280 3046 2547 3118 electio
2590 3050 2707 3119 ab·

525 3143 714 3216 batis
769 3143 1208 3216 Casinensis
1274 3145 1635 3216 canonice
1699 3146 2073 3219 celebrata
2137 3157 2256 3220 est
2314 3150 2406 3220 de
2482 3147 2711 3218 fratre

519 3244 882 3316 Pandulfo
937 3247 1029 3316 de
1067 3244 1340 3316 Sancto
1379 3244 1793 3343 Stephano,
1848 3258 1925 3320 et
1974 3248 2189 3344 quasi
2227 3273 2363 3345 per
2396 3247 2711 3346 inspira·

521 3344 806 3416 tionem
845 3349 936 3418 ab
975 3344 1322 3419 omnibus
1361 3350 1793 3443 approbata.

672 3445 936 3517 Mense
987 3444 1368 3518 Februarii
1421 3447 1666 3521 littere
1720 3447 2151 3545 imperiales
2188 3449 2383 3522 lecte
2422 3449 2707 3522 suntin

521 3543 800 3616 Sancto
841 3545 1217 3618 Germano
1259 3549 1348 3618 de
1389 3547 1735 3646 captione
1773 3546 2185 3644 Vin-centie.‚
2242 3559 2317 3621 et
2370 3551 2462 3622 de
2514 3573 2709 3622 nova

519 3643 996 3743 imperatoris
1015 3647 1236 3744 ,prole
1269 3647 1594 3720 feminea
1621 3652 1712 3721 de
1738 3674 1929 3721 nova
1953 3661 2302 3722 consorte
2326 3661 2705 3748 suscepta.

519 3745 903 3844 Inquisitio
955 3745 1038 3818 fit
1087 3751 1178 3821 de
1231 3773 1462 3846 opere
1515 3749 1771 3822 Sancti
1809 3749 2167 3822 Germani
2216 3775 2351 3847 per
2385 3751 2706 3824 iudicem

515 3848 968 3920 Adenulfum
1005 3851 1096 3922 de
1133 3849 1440 3924 Suessa.

669 3949 932 4022 Mense
963 3950 1202 4022 Martii
1241 3952 1474 4023 frater
1499 3949 1761 4022 Simon
1800 3953 1893 4022 de
1920 3950 2409 4025 Presentiano
2451 3961 2525 4024 et
2561 3953 2705 4022 fra-

518 4057 634 4118 ter
689 4050 1122 4147 Stephanus
1173 4055 1264 4124 de
1303 4049 1655 4124 Corvario
1696 4053 1787 4122 ad
1823 4051 2359 4149 imperatorem
2412 4053 2485 4124 in
2542 4053 2708 4124 Ala-

521 4151 906 4266 manniam
967 4155 1248 4224 vadunt
1305 4176 1474 4223 oum
1529 4150 1795 4223 litteris
1852 4163 2267 4225 conventus
2334 4153 2550 4226 factis
2617 4155 2705 4224 ad

523 4287 570 4356 a)
611 4291 686 4342 ita
722 4289 820 4342 hoc
857 4290 972 4342 loco
1007 4289 1272 4342 scribitur.
1420 4287 1474 4358 h)
1514 4303 1699 4342 versus
1735 4293 1791 4343 in
1826 4292 2063 4358 maryt'nc
2096 4290 2369 4344 habentur.
