3050 4900
537 437 581 510 2
927 439 1492 513 RYCCARDUS
1547 441 1669 512 DE
1727 441 1798 514 S.
1856 442 2340 516 GERMANO.

533 643 690 712 acsi
721 664 865 711 non
896 644 1214 734 prosint:
1266 641 1552 736 sinyula
1590 665 1855 738 queque
1892 646 2145 737 iuvent,
2196 669 2286 716 ae
2324 645 2458 716 Dei
2488 650 2727 739 potius

531 747 638 812 est
661 764 877 836 quom
908 741 1211 812 hominis
1237 745 1550 813 omnium
1584 741 1888 814 'uehere‘
1926 748 2370 816 memoriam.
2420 745 2724 817 Sumens

525 841 828 934 proinde
866 864 913 912 a
951 849 1265 934 tempore
1313 865 1454 936 quo
1495 843 1901 914 Guilielmus
1936 845 2289 916 secundus
2327 870 2454 916 retr
2490 846 2723 918 Sicilie

529 941 809 1020 inclitus
846 941 1214 1014 recolende
1249 946 1588 1014 memorie
1626 943 1817 1034 obiit,
1868 945 2331 1036 pontificatus
2370 970 2533 1018 vero
2574 947 2719 1019 Cle·

529 1043 776 1113 mentis
809 1066 996 1135 pape
1035 1066 1230 1114 anno
1268 1043 1605 1134 secundo,
1656 1066 1787 1136 per
1832 1043 2245 1116 chronicam
2282 1045 2407 1117 hee
2444 1047 2717 1138 inclusi,

526 1142 952 1236 quibusdam
995 1144 1363 1235 premissis
1415 1145 1484 1212 in
1539 1143 1825 1215 laudem
1880 1146 2067 1238 reqis
2118 1147 2379 1239 ipsius,
2460 1153 2529 1217 et
2587 1171 2719 1241 que

528 1243 729 1336 requi
779 1249 1084 1336 tanqum
1137 1246 1422 1337 negotia
1477 1249 1543 1314 et
1591 1244 1821 1315 relatu
1870 1244 2098 1337 diqna
2143 1253 2309 1317 sunt
2352 1248 2545 1320 non*
2598 1249 2717 1317 ob-

527 1344 800 1432 missis5
855 1345 925 1412 in
977 1345 1126 1414 eius
1176 1346 1454 1414 nomine
1508 1347 1626 1437 qui
1674 1368 1755 1414 os
1809 1343 2165 1416 Zacharie
2198 1346 2367 1416 olim
2408 1351 2713 1440 operuit,

523 1467 606 1516 os
631 1468 861 1514 meum
893 1445 1174 1536 aperiat
1201 1444 1305 1515 ad
1329 1443 1779 1538 loquendum,
1812 1469 1901 1516 oc
1925 1445 2159 1540 linque
2188 1470 2335 1518 mee
2364 1434 2713 1519 vinculum

519 1544 778 1636 solvat,
815 1544 1249 1630 confidenter
1273 1543 1557 1638 sinqula
1586 1568 1853 1640 queque
1881 1544 2111 1618 locum
2142 1553 2429 1621 teneant
2456 1550 2712 1620 sortita

521 1644 865 1718 decenter.
983 1726 1038 1734 ..

1114 1743 1544 1820 EXPLICIT
1600 1745 2129 1820 PROLOGUS.

671 1934 1042 2032 Tempore
1073 1959 1218 2032 quo
1249 1959 1378 2007 rex
1410 1933 1533 2006 ille
1566 1932 2263 2030 christianissimus7
2305 1936 2419 2006 cui
2460 1937 2706 2008 nullus

519 2033 592 2105 in
625 2039 804 2106 orbe
834 2037 1240 2130 secundm,
1279 2034 1494 2132 regni
1535 2035 1753 2107 huius
1786 2038 2314 2108 moderabatur
2342 2037 2705 2130 habenas,

517 2135 642 2232 qui
672 2136 868 2207 inter
895 2160 1162 2208 omnes
1192 2136 1569 2234 principes
1596 2135 1945 2250 princeps
1969 2135 2307 2209 sublimis
2329 2138 2704 2210 ethabun-

517 2237 764 2308 dans
747 2263 819 2309 m
863 2237 1210 2310 omnibus
1255 2237 1520 2334 opibus
1580 2248 1741 2308 erat
1794 2237 2027 2335 stirpe
2081 2239 2354 2332 clarus,
2404 2239 2703 2310 fortuna

517 2337 859 2434 elegans⁷
896 2341 1170 2410 virtute
1213 2348 1512 2435 potens⁷
1565 2361 1796 2409 sensu
1836 2337 2158 2435 pellem,
2210 2338 2479 2410 divitiis
2519 2363 2702 2435 opu-

514 2439 786 2511 lentus.
870 2439 1044 2512 Erat
1095 2437 1235 2511 flos
1300 2462 1612 2534 regum,
1668 2463 1945 2510 corona
2004 2438 2468 2536 principum,
2524 2438 2699 2525 Qui-

515 2540 738 2611 iitum
776 2542 1195 2638 speculum7
1247 2538 1601 2611 nobilium
1640 2541 1899 2633 decus,
1952 2538 2363 2610 amicorum
2408 2494 2699 2634 li'ducia7

515 2642 843 2713 hostium
897 2652 1176 2734 terror,
1246 2639 1495 2737 populi
1552 2639 1698 2711 vita
1766 2650 1839 2711 et
1900 2640 2180 2736 virtus⁷
2246 2640 2699 2711 miserorum

515 2742 820 2839 inopum
895 2740 1533 2839 peregrinantium
1610 2741 1857 2836 salus.,
1928 2741 2426 2813 laborantium
2501 2742 2698 2811 forti-

513 2846 729 2915 tudo:
784 2843 977 2939 legis
1034 2854 1108 2915 et
1155 2842 1480 2914 iustitiae
1529 2842 1772 2914 cultus
1810 2853 2154 2938 tempore
2194 2866 2330 2912 suo
2374 2840 2697 2937 vigebat,

511 2944 582 3015 in
641 2968 876 3039 regno
929 2968 1068 3015 sua
1126 2955 1287 3014 erat
1335 2942 1641 3039 quilibet
1692 2952 1894 3014 sorte
1944 2953 2370 3034 contentus„
2428 2942 2696 3038 ubique

509 3070 680 3142 pax,
719 3044 989 3141 ubique
1029 3043 1424 3137 securitas3
1466 3068 1605 3115 nec
1641 3042 2013 3114 latronum
2048 3047 2431 3115 metuebat
2461 3042 2699 3113 viator

509 3145 818 3219 insidias
849 3168 992 3217 nec
1019 3143 1248 3217 maris
1279 3154 1504 3214 nauta
1538 3143 1983 3215 offendicula
2020 3154 2471 3241 pyratarum.
2544 3143 2692 3215 Sed

505 3248 681 3321 licet
727 3257 834 3318 tot
887 3256 963 3319 et
1010 3244 1235 3317 tantis
1289 3268 1463 3315 eum
1521 3244 1869 3316 ditaverit
1921 3255 1997 3315 et
2044 3244 2413 3317 dotaverit
2449 3243 2693 3337 bonis,

505 3372 644 3444 per
694 3372 920 3445 quem
977 3370 1202 3442 reges
1250 3355 1573 3441 regnant
1628 3356 1701 3417 et
1753 3345 2133 3442 principes
2189 3345 2692 3437 dominantur,

507 3447 918 3545 feceritque
957 3447 1162 3519 illum
1201 3469 1335 3543 pre
1367 3444 1654 3519 cunctis
1685 3456 1885 3518 terre
1918 3445 2220 3541 regibus
2250 3446 2692 3542 gloriosum,

506 3549 576 3620 in
619 3549 761 3619 hoc
799 3558 1050 3619 tamen
1093 3545 1583 3643 ingloriosum
1622 3547 1829 3618 illum
1870 3546 2208 3641 reddidit,
2264 3551 2458 3643 quod
2514 3572 2688 3619 eum

507 3648 733 3746 prolis
785 3647 1189 3743 negatione
1245 3647 1667 3741 mulctavit3
1724 3647 2092 3719 conclusit
2141 3648 2339 3719 enim
2394 3658 2689 3719 uterum

505 3747 877 3821 consortis
915 3746 1140 3844 illius,
1181 3758 1258 3819 ut
1296 3772 1443 3819 non
1483 3759 1785 3845 pareret
1820 3749 1938 3820 vel
1974 3748 2405 3846 conciperet
2429 3748 2687 3841 filium7

503 3861 579 3921 et
608 3874 702 3920 ne
734 3849 1196 3946 relinqueret
1221 3847 1338 3921 sui
1369 3851 1854 3947 superstitem
1888 3874 2119 3946 super
2146 3862 2448 3922 terram.
2492 3850 2689 3935 Qua-

505 3960 811 4047 propter
848 3949 1340 4023 considerans
1379 3975 1509 4021 rex
1550 3949 1713 4047 ipse
1756 3949 2127 4023 felicitatis
2169 3975 2307 4024 sue
2344 3964 2685 4046 tempora

503 4077 541 4121 a
599 4050 918 4122 Domino
976 4051 1407 4147 accepisse„
1484 4062 1555 4122 et
1612 4054 1805 4148 quod
1864 4076 2037 4124 eum
2096 4055 2379 4147 absque
2433 4049 2685 4121 liberis
2760 4115 2765 4123 .

503 4177 670 4224 sors
713 4152 994 4223 fecerat
1031 4150 1434 4249 infelicem⁹
1475 4152 1831 4249 cogitavit
1862 4163 1939 4223 ut
1969 4152 2272 4249 sapiens
2304 4150 2689 4246 sapienter

499 4292 547 4355 a)
591 4290 640 4341 h.
683 4289 736 4341 in
780 4308 848 4341 m.
890 4307 936 4343 c.
1087 4288 1139 4358 b)
1178 4292 1252 4342 ita
1297 4286 1342 4342 1.
1382 4289 1444 4350 2;
1486 4291 1586 4342 sed
1621 4304 1727 4342 vox
1764 4290 2069 4342 necessaria
2108 4290 2256 4341 deest
2293 4291 2345 4340 in.
2384 4288 2582 4340 codiee.
