3050 4900
1265 425 1346 493 A.
1409 425 1618 498 1227.
2446 425 2541 494 65

515 625 795 696 Eodem
837 645 1100 694 mense
1141 622 1439 717 quidam
1480 622 1551 691 in
1594 623 1787 694 Urbe
1827 620 2181 692 vicarium
2222 643 2415 717 pape
2464 642 2549 691 se

370 723 684 819 faciens,
741 747 936 820 papa
989 722 1224 794 inscio
1281 732 1356 793 et
1405 724 1742 815 absente,
1798 725 1967 792 ‹lum
2020 722 2276 794 favore
2313 722 2551 792 fretus

369 826 881 898 Romanorum
947 825 1439 920 quorumdam
1503 822 1625 920 qui
1698 821 1839 893 hoc
1893 821 2052 893 fieri
2109 821 2554 916 tolerabant,

369 925 610 1022 gratia
649 933 986 1020 questus,
1041 933 1250 994 stans
1304 933 1484 1020 aput
1523 921 1885 1019 porticum
1926 922 2165 994 sancti
2204 922 2424 1015 Petri,
2480 931 2557 994 et

369 1035 747 1123 potestate
801 1034 1020 1095 utens
1070 1024 1516 1120 apostolica,
1574 1045 1793 1094 cruce
1842 1023 2155 1118 signatis
2208 1021 2553 1095 omnibus

373 1124 860 1198 absolutionis
908 1123 1352 1197 beneficium
1412 1123 1916 1220 impendebat,
1974 1133 2047 1210 et
2097 1147 2233 1220 per
2284 1123 2556 1194 Roma-

373 1251 552 1320 noS,
609 1226 941 1296 fautores
997 1225 1180 1296 tanti
1235 1223 1603 1318 criminis,
1662 1246 1964 1296 crucem
1999 1221 2106 1296 'ab
2163 1223 2271 1296 eis
2330 1247 2557 1320 quam

375 1334 948 1422 assumpserant
1013 1327 1454 1421 deponebat.
1588 1323 1729 1410 Qui
1794 1334 2269 1414 „assenatore
2338 1323 2557 1398 Urbis

377 1438 666 1524 captus,
703 1435 877 1522 post
905 1424 1545 1497 denuntiationem
1578 1424 1714 1497 sibi
1746 1448 1785 1495 a
1818 1447 2009 1522 papa
2039 1426 2342 1519 factam,
2379 1436 2558 1495 tunc

376 1529 567 1626 apud
606 1524 1023 1621 Anagniam
1065 1525 1462 1620 existente,
1513 1535 1775 1622 captus
1836 1536 1953 1597 est
2003 1535 2076 1596 et
2112 1524 2355 1597 debita
2394 1547 2560 1622 per-

377 1651 562 1700 sone
601 1649 798 1723 pena
834 1626 1256 1698 mulctatus.

525 1725 814 1798 Interea
869 1751 1042 1823 pars
1101 1749 1322 1798 cruce
1389 1726 1855 1822 signatorum
1922 1750 2067 1798 non
2135 1724 2424 1798 modica
2484 1723 2561 1796 in

372 1827 664 1924 Apulia,
704 1827 1287 1924 superveniente
1326 1826 1781 1922 infirmitate,
1829 1827 2091 1898 cecidit
2127 1850 2263 1923 per
2300 1825 2561 1898 mortis

376 1951 754 2000 occasum.
811 1929 1226 2022 Imperator
1253 1938 1505 1999 tamen
1542 1952 1709 1999 cum
1742 1927 2119 1999 lancravio
2152 1937 2229 1999 et
2256 1925 2561 2024 reliquis

379 2052 599 2100 cruce
639 2027 954 2123 signatis
997 2051 1079 2098 se
1120 2037 1332 2124 parat
1368 2030 1457 2098 ad
1495 2027 1921 2122 transitum,
1959 2028 2056 2098 ita
2098 2030 2289 2124 quod
2329 2027 2402 2098 in
2443 2026 2561 2100 die

285 2168 289 2172 ⁴
379 2127 786 2200 nativitatis
845 2131 1061 2200 beate
1119 2127 1440 2222 Virginis
1498 2152 1537 2199 a
1593 2127 2009 2199 Brundusio
2064 2128 2562 2200 transfretans

379 2228 586 2298 venit
645 2228 1100 2322 Ydrontum,
1174 2237 1247 2298 et
1311 2251 1525 2324 spem
1591 2227 1878 2300 faciens
1943 2228 2084 2299 hiis
2149 2252 2337 2325 quos
2403 2252 2567 2324 pre-

381 2328 692 2400 miserat
741 2330 831 2398 de
882 2327 1198 2399 transitu
1251 2352 1415 2423 suo,
1472 2328 1745 2400 morari
1786 2332 1978 2426 apud
2016 2329 2433 2400 Ydrontum
2475 2352 2565 2400 ex

383 2454 610 2502 causa
664 2429 1098 2501 necessaria
1154 2429 1419 2526 voluit,
1475 2431 1596 2501 ubi
1650 2454 1829 2502 casu
1888 2428 2271 2503 accidente
2325 2428 2565 2501 dictus

379 2530 804 2602 lancravius
845 2530 1046 2625 obiit,
1103 2541 1178 2602 et
1213 2530 1377 2628 ipse
1415 2542 1591 2603 tunc
1629 2532 1853 2605 etiam
1890 2532 2323 2629 imperator,
2374 2529 2569 2603 sicut

382 2631 882 2727 disposuerat,
937 2631 1517 2728 superveniente
1559 2632 1975 2729 egritudine
2015 2656 2161 2703 non
2199 2630 2567 2703 transivit.

383 2732 627 2819 Quam
653 2736 744 2802 ob
769 2755 930 2803 rem
952 2756 1143 2828 papa
1171 2742 1416 2803 motus
1441 2742 1700 2803 contra
1722 2756 1921 2827 eum,
1944 2743 2125 2829 aput
2144 2730 2565 2827 Anagniam

385 2831 799 2929 penultimo
851 2831 1136 2904 mensis
1189 2832 1657 2929 Septembris
1709 2832 1781 2902 in
1838 2833 2031 2903 festo
2084 2830 2737 2917 dedicationissept.

386 2932 819 3027 archangeli
873 2931 1034 3004 sine
1090 2956 1318 3004 cause
1359 2932 1783 3029 cognitione
1822 2932 2286 3003 denuntiavit
2320 2932 2566 3029 ipsum
2622 2920 2717 2976 29.

387 3034 919 3129 imperatorem
960 3033 1030 3104 in
1071 3034 1298 3104 latam
1340 3035 1613 3105 dudum
1656 3044 1835 3130 aput
1871 3034 2229 3107 Sanctum
2262 3032 2573 3105 Germa-

389 3158 566 3203 num
602 3134 1392 3205 excommunicationis
1422 3134 1875 3206 sententiam
1909 3133 2281 3207 incidisse.
2334 3134 2575 3230 Impe-

390 3244 590 3305 rator
627 3237 716 3305 de
753 3234 1017 3331 Apulia
1056 3244 1234 3307 tunc
1272 3234 1476 3305 venit
1527 3236 1617 3305 ad
1677 3237 1941 3307 balnea
1993 3234 2299 3307 Puteoli.
2399 3235 2577 3307 Gre-

389 3334 644 3431 gorius
686 3359 906 3432 papa,
960 3337 1050 3405 de
1090 3336 1422 3431 Anagnia
1462 3359 1601 3432 per
1634 3335 2043 3407 Velletrum
2083 3335 2225 3408 iter
2261 3336 2577 3430 habenS,

393 3434 583 3506 redit
641 3438 727 3506 ad
789 3436 1085 3507 Urbem.
1189 3436 1295 3506 Ad
1351 3460 1572 3531 quem
1622 3438 1713 3507 ad
1754 3459 1969 3508 suam
2012 3436 2576 3508 excusationem

394 3559 572 3607 suos
628 3534 1222 3630 dirigit-nuntios
1280 3535 1711 3633 imperator,
1767 3536 2139 3633 Reginum
2180 3536 2467 3609 scilicet
2506 3545 2580 3607 et

394 3637 808 3707 Barensem
843 3635 1481 3734 archiepiscopoS,
1513 3638 1972 3731 Raynaldum
2004 3638 2279 3709 dictum
2309 3640 2576 3708 ducem
2614 3730 2621 3735 Ι

393 3735 704 3833 Spoleti,
745 3747 817 3808 et
855 3736 1203 3809 comitem
1241 3738 1646 3809 Henricum
1686 3740 1775 3809 de
1814 3738 2073 3831 Malta,
2122 3737 2387 3833 quibus
2429 3760 2577 3807 non

393 3838 560 3934 plus
617 3839 930 3909 credens
987 3862 1208 3934 quam
1263 3838 1541 3911 nuntiis
1598 3838 1752 3910 suis
1798 3839 1889 3909 de
1928 3837 2407 3908 invalitudine
2445 3837 2578 3908 im-

392 3937 787 4034 peratoriS,
844 3938 1130 4010 vocatis
1186 3941 1272 4009 ad
1314 3941 1589 4012 Urbem
1629 3938 1936 4035 prelatis
1993 3938 2097 4009 cis
2150 3949 2448 4010 montes
2506 3948 2581 4009 et

381 4042 484 4109 de
524 4064 759 4135 regno
801 4063 986 4135 quos
1017 4040 1279 4136 potuit,
1317 4041 1387 4110 in
1420 4041 1705 4110 octavis
1738 4040 1930 4112 beati
1962 4037 2253 4109 Martini
2284 4039 2577 4136 publice
2598 4056 2731 4112 Nov.

399 4140 998 4211 excommunicat
1051 4140 1322 4237 ipsum,
1381 4151 1454 4211 et
1492 4165 1625 4237 per
1661 4150 1898 4212 totum
1940 4138 2424 4213 Occidentem
2466 4140 2577 4213 lit·
2633 4131 2716 4184 18.

393 4249 596 4312 teras
639 4266 867 4339 super
903 4243 1045 4313 hoc
1084 4240 1329 4337 dirigit
1367 4242 1786 4336 generales.
