3050 4900
481 370 624 449 142
881 365 1449 440 RYCCARDUS
1502 366 1624 439 DE
1678 366 1752 439 S.
1810 366 2270 440 GERMANO

479 567 651 638 nelli
690 566 899 659 fiunt„
939 566 1404 661 imperatore,
1429 568 1858 662 mandante,
1899 570 1989 638 ad
2022 568 2411 639 defensam
2446 591 2666 639 rocce
2704 592 2709 597 ·

475 667 731 741 Ianule
802 676 876 739 et
935 666 1220 759 Casiniz,
1301 675 1609 765 propter
1672 670 1865 764 quod
1925 678 2000 739 et
2061 668 2407 739 homines
2464 678 2666 740 terre

477 766 913 840 monasterii
979 770 1066 838 ad
1129 767 1522 839 incidenda
1584 766 1995 863 lignamina
2059 768 2243 865 ipsis
2300 768 2665 841 machinis

478 879 920 968 opportuna,
953 878 1025 939 et
1057 873 1286 940 boves
1318 870 1407 940 ad
1441 892 1529 940 ea
1561 868 1966 941 deferenda
1997 893 2143 940 non
2180 870 2469 941 modice
2496 878 2671 941 sunt

478 970 789 1067 gravati.
864 969 1237 1041 Roffridus
1277 968 1697 1063 Teanensis
1739 969 2139 1067 episcopus
2178 980 2359 1067 aput
2395 971 2669 1041 Corne-

477 1084 636 1144 tum
678 1070 873 1143 obiit.

630 1171 894 1242 Mense
949 1170 1393 1241 Novembris
1451 1170 1862 1267 Gregorius
1931 1196 2123 1267 papa
2188 1173 2279 1242 de
2329 1170 2672 1265 Anagnia

480 1271 669 1343 redit
719 1274 808 1341 ad
864 1271 1167 1364 Urbem,
1225 1270 1342 1342 ubi
1394 1294 1434 1339 a
1476 1270 1835 1342 Romanis
1876 1274 2219 1342 omnibus
2262 1268 2671 1341 honorifice

325 1384 458 1438 Nov.
482 1381 834 1469 receptus
867 1380 1002 1441 est.
1067 1370 1207 1457 Qui
1241 1370 1309 1441 in
1343 1370 1629 1443 octavis
1661 1369 1856 1442 beati
1888 1369 2180 1443 Martini
2216 1371 2671 1443 sententiam

339 1457 423 1513 ¹3·
482 1474 709 1545 latam
763 1471 836 1543 in
891 1472 1423 1569 imperatorem
1471 1470 1889 1567 confirmat,
1946 1482 2020 1543 et
2072 1471 2674 1544 excommunicat

482 1573 888 1645 Hen1·icum
931 1572 1350 1644 naturalem
1388 1570 1622 1644 filium
1665 1572 1825 1644 eius
1884 1583 1958 1644 et
1994 1596 2260 1643 omnes
2302 1596 2673 1669 sequaces

485 1697 746 1745 eorum
787 1697 920 1771 pro
962 1697 1078 1767 cO,
1133 1676 1328 1769 quod
1369 1674 1810 1767 marchiam,
1865 1698 2088 1769 quam
2138 1673 2318 1745 iuris
2360 1697 2535 1747 esse
2576 1672 2677 1743 di-

487 1778 706 1847 cebat
743 1773 1093 1864 ecclesie,
1152 1774 1518 1845 hostiliter
1557 1784 1673 1845 est
1710 1774 2127 1869 ingressus,
2392 1843 2397 1847 .

635 1874 899 1945 Mense
957 1874 1395 1946 Decembris
1446 1875 1855 1971 imperator
1910 1878 2103 1970 apud
2157 1874 2370 1947 Pisas
2429 1875 2677 1945 natale

484 1974 778 2047 Domini
820 1974 1166 2046 celebrat.
1233 1973 1554 2061 Quidam
1594 1976 1825 2046 frater
1852 1975 2128 2069 Helyas
2169 1975 2290 2071 qui
2330 1975 2401 2045 in
2444 1974 2679 2046 eccle-

437 2113 441 2117 ·
487 2076 598 2148 sia
639 2076 878 2147 sancti
916 2076 1290 2152 Francisci
1330 2078 1524 2171 apud
1564 2075 1935 2148 Ascisium
1986 2075 2351 2171 magister
2400 2073 2679 2147 ordinis

489 2178 801 2248 fratrum
839 2176 1211 2247 Minorum
1255 2177 1625 2271 extiterat7
1680 2200 1814 2273 pro
1857 2200 1974 2271 eo⁷
2028 2180 2220 2273 quod
2262 2180 2454 2273 apud
2497 2176 2677 2250 Gre-

489 2278 782 2373 gorium
823 2302 1096 2375 papam
1138 2277 1431 2350 delatus
1473 2303 1514 2349 a
1553 2277 1902 2349 fratribus
1943 2279 2135 2373 quod
2174 2278 2373 2348 male
2420 2276 2681 2347 ammi-

493 2379 930 2472 nistrasset,
1001 2402 1171 2449 eum
1223 2379 1388 2476 ipse
1431 2402 1635 2492 ‘papa
1693 2381 1782 2451 ab
1836 2377 2513 2451 amministratione
2569 2400 2682 2448 re-

496 2481 750 2573 movit
789 2479 862 2549 in
903 2479 1153 2550 odium
1197 2503 1388 2577 pape
1428 2479 1860 2576 imperatori
1900 2478 2215 2552 adhesit.
2277 2479 2559 2574 Vigiles
2590 2481 2681 2550 de

496 2591 714 2651 nocte
754 2603 891 2677 per
920 2581 1385 2672 Ryccardum
1425 2585 1515 2652 de
1550 2580 1803 2652 Monte
1843 2579 2055 2676 nigro
2095 2578 2571 2652 iustitiaiium
2609 2579 2681 2649 in

499 2680 916 2777 principatu
957 2681 1212 2782 Capue
1254 2681 1509 2754 statuti
1550 2691 1741 2754 sunt.

1471 2915 1717 3005 1240.

649 3089 913 3158 Mense
951 3087 1267 3158 Ianuarii
1309 3112 1443 3184 per
1482 3087 1897 3183 predictum
1939 3088 2409 3184 capitaneum
2462 3110 2690 3184 gene-

502 3187 678 3261 ralis
713 3187 1027 3260 collecta
1057 3187 1398 3282 exigitur,
1437 3188 1893 3283 imperatore
1927 3192 2367 3284 mandante·
2408 3198 2484 3260 et
2514 3199 2693 3260 tunc

499 3289 928 3361 visitatores
972 3299 1390 3362 castrorum
1424 3312 1562 3386 per
1590 3313 1909 3386 regnum
1942 3243 2519 3382 constituuritur
2561 3312 2695 3386 per

505 3414 694 3487 quos
751 3393 841 3461 de
896 3387 1237 3460 fidelibus
1294 3389 1626 3488 deputati
1680 3401 1855 3462 sunt
1906 3390 2177 3489 aliqui,
2248 3389 2371 3487 qui
2444 3399 2692 3465 castra

505 3488 918 3586 imperialia
975 3488 1278 3562 visitent
1333 3490 1573 3562 semel
1628 3489 1700 3562 in
1742 3492 2239 3587 hebdomada,
2296 3500 2370 3563 et
2405 3502 2564 3562 tam
2601 3493 2692 3561 de

505 3591 722 3662 factis
763 3591 1347 3662 castellanorum
1399 3615 1624 3688 quam
1679 3595 1770 3665 de
1827 3616 2143 3664 numero
2202 3591 2693 3664 servientium

507 3691 907 3789 diligenter
960 3691 1363 3788 inquirant
1418 3691 1763 3764 similiter
1819 3703 1893 3765 et
1940 3695 2032 3766 de
2072 3693 2365 3765 defectu
2409 3715 2695 3764 eoium.

657 3793 920 3865 Mense
973 3792 1349 3866 Februarii
1423 3815 1561 3905 per
1622 3795 1941 3865 eundem
2013 3793 2494 3906 capitaneum
2563 3815 2699 3889 per

507 3904 747 3964 totum
785 3917 1106 3990 regnum
1142 3891 1227 3965 fit
1261 3891 1641 3989 inquisitio
1680 3894 2059 3990 generalis
2100 3905 2361 3966 contra
2391 3891 2697 3990 imposi-

510 4004 715 4066 tores
757 4005 829 4065 et
867 3994 1309 4066 collectores
1351 3993 1663 4065 collecte
1694 3994 2102 4092 imperialis
2135 3995 2310 4067 anni
2339 3991 2700 4093 preteriti,

513 4105 591 4164 ut
643 4097 732 4166 de
775 4119 909 4166 sua
948 4094 1228 4167 malitia
1268 4116 1401 4191 pro
1445 4095 1729 4168 meritis
1772 4095 2190 4194 puniantur.
2286 4097 2704 4192 Imperator

514 4194 720 4265 venit
767 4195 1198 4290 Fulignum7
1274 4194 1392 4266 ubi
1458 4195 1858 4291 magnifice
1916 4220 1957 4269 a
2012 4197 2293 4271 civibus
2347 4206 2701 4292 receptus
