3050 4900
1304 441 1386 512 A.
1451 442 1660 515 1232.
1722 507 1730 515 ,
2448 446 2579 515 111

401 642 618 715 beant
649 649 718 713 et
746 642 972 713 debite
998 642 1391 713 executioni
1413 640 1771 735 contradi,
1812 666 1903 713 ac
1924 664 2055 733 per
2084 664 2205 713 eos
2235 642 2589 727 artificum

395 741 696 827 fraudes
747 747 988 814 nostre
1039 744 1232 813 curie
1291 743 1701 813 nuntientur
1710 768 1738 831 ,-
1804 762 2108 837 quorum
2172 740 2587 827 officialium

271 910 282 917 .
397 844 690 914 nomina
723 865 854 935 per
887 842 1163 913 litteras
1197 844 1328 913 sub
1363 840 1619 937 sipillo,
1675 848 1744 913 et
1788 840 2421 934 subscriptionibus
2470 842 2588 913 eli-

394 944 702 1038 9entium
757 965 900 1035 eos,
955 948 1023 1013 et
1073 965 1344 1035 eorum,
1395 944 1517 1037 qui
1563 945 1633 1013 in
1670 941 1803 1015 hiis
1838 940 2209 1013 consilium
2244 940 2585 1033 dederint,

397 1041 755 1137 eligendis,
811 1042 914 1114 ad
959 1065 1092 1113 nos
1140 1042 1249 1113 vel
1291 1042 1613 1114 locorum
1653 1042 1981 1113 dominos
2016 1040 2341 1113 volumus
2378 1040 2587 1113 desti-

393 1144 578 1235 nari,
615 1149 698 1213 ut
729 1166 816 1214 ecc
849 1142 1370 1236 approbatione
1404 1147 1659 1214 nostra
1698 1149 1766 1214 et
1798 1142 2105 1215 aliorum
2144 1164 2445 1237 quorum
2482 1144 2584 1213 in-

393 1244 640 1315 tererit
668 1244 1110 1315 retineantur
1140 1242 1420 1335 ydonei,
1465 1249 1535 1314 et
1566 1265 1711 1314 non
1743 1242 2003 1336 ydonei
2037 1244 2454 1333 refutentur,
2510 1246 2583 1313 in

394 1365 636 1417 eorum
689 1344 922 1415 locum
969 1345 1088 1438 qui
1133 1344 1368 1415 minus
1414 1342 1676 1435 ydonei
1724 1344 1993 1427 fuerint
2048 1343 2121 1413 in
2174 1342 2579 1435 subscripta

385 1446 636 1527 forma
660 1442 956 1536 ydoneis
981 1443 1486 1537 subroqandis.
1546 1442 1739 1529 Quos
1766 1441 2135 1534 officiales,
2164 1447 2246 1513 ut
2265 1444 2577 1529 officium

387 1542 522 1614 sibi
555 1542 898 1615 creditum
933 1542 1231 1629 fideliter
1265 1549 1332 1613 et
1365 1541 1737 1637 diiiyenter
1770 1548 2167 1634 exerceant,
2211 1544 2423 1613 tactis
2458 1566 2578 1614 sa-

389 1644 788 1715 crosanctis
813 1642 1202 1739 euanyeliis
1226 1644 1668 1714 sacramenti
1692 1642 2028 1737 reliyione
2055 1642 2379 1713 volumus
2408 1642 2575 1713 obli-

385 1745 570 1836 qari.
657 1742 1062 1815 Electorum
1097 1745 1310 1814 etiam
1349 1744 1641 1815 nomina
1673 1742 2157 1835 predictorum
2184 1744 2257 1813 in
2293 1748 2575 1837 quater-

384 1842 716 1915 nionibus
749 1848 990 1914 nostre
1025 1845 1220 1915 curie
1255 1842 1578 1914 volumus
1614 1843 1979 1935 contineri,
2016 1848 2095 1912 ut
2128 1841 2217 1913 de
2249 1844 2349 1913 eis
2376 1841 2572 1912 dubi-

385 1944 564 2013 tatio
617 1944 688 2013 in
735 1948 1100 2037 posterum
1149 1945 1328 2013 oriri
1377 1965 1522 2014 non
1572 1944 1818 2035 possit.
1907 1941 2305 2013 Statuimus
2356 1943 2569 2012 etiam

383 2045 880 2115 constitutione
908 2044 1242 2135 presenti,
1281 2048 1358 2117 ut
1391 2041 1615 2114 baiuli
1646 2044 1897 2133 nostri,
1934 2043 2055 2135 qui
2082 2064 2220 2135 pro
2258 2046 2573 2133 tempore

378 2142 666 2234 fuerint,
717 2144 1218 2236 operariorum
1269 2164 1569 2236 operas,
1622 2163 2019 2213 messorum
2074 2147 2143 2211 et
2188 2140 2571 2211 vindemia-

381 2246 616 2313 torum
654 2247 720 2312 et
751 2240 1104 2335 similium,
1140 2242 1270 2314 sub
1299 2248 1502 2313 certa
1527 2240 1847 2325 mercede
1876 2241 2333 2331 constituant,
2370 2242 2571 2313 cuius

380 2344 898 2414 constitutionis
945 2348 1208 2414 metam
1260 2343 1673 2436 transm-edi
1721 2342 2075 2434 operariis
2123 2362 2265 2411 non
2300 2338 2530 2411 licebit
2539 2368 2569 2432 ,-

379 2465 594 2538 quam
646 2444 710 2514 si
761 2445 1200 2538 transqressi
1245 2445 1543 2536 fuerint,
1616 2448 1685 2516 et
1742 2446 2115 2535 acceptam
2176 2440 2567 2515 mercedem

380 2545 811 2636 ammittant,
865 2549 934 2614 et
965 2543 1444 2638 quadruplum
1482 2547 1675 2614 curie
1712 2549 1951 2614 nostre
1986 2541 2277 2614 solvent.
2364 2541 2459 2612 Et
2492 2549 2573 2614 ut

374 2643 680 2724 fraudes
705 2645 1058 2729 artificum
1085 2643 1526 2738 sinyulorum
1552 2667 1741 2736 pena
1770 2665 1915 2713 non
1942 2648 2267 2734 careant,
2304 2644 2367 2713 si
2398 2666 2565 2714 con-

377 2748 496 2813 tra
543 2741 1084 2835 prohibitionem
1137 2750 1206 2813 et
1253 2743 1777 2816 ordinationem
1824 2748 2149 2814 nostram
2197 2743 2271 2812 in
2316 2764 2562 2813 eorum

377 2843 697 2930 artificiis
743 2843 1006 2914 inventi
1051 2845 1316 2928 fuerint
1352 2842 1599 2914 dolose
1632 2843 1933 2933 versari,
1982 2843 2225 2934 prima
2262 2842 2409 2912 vice
2446 2841 2563 2912 de-

227 3025 240 3032 „
369 2943 760 3034 prehensus
793 2945 866 3015 in
903 2941 1072 3015 dolo
1103 2943 1304 3029 falsa
1341 2965 1564 3036 opera
1599 2944 1900 3034 faciens,
1937 2940 2047 3011 vel
2078 2938 2359 3011 cibaria
2388 2965 2560 3032 pro-

371 3040 590 3114 hibita
641 3067 768 3115 seu
815 3049 1161 3137 corrupta
1182 3099 1202 3136 ,
1257 3042 1365 3114 vel
1410 3045 1647 3114 vinum
1702 3040 2142 3136 lymphatum
2186 3064 2323 3132 pro
2374 3063 2559 3133 puro

371 3141 756 3236 vendendo,
810 3142 1066 3215 libram
1123 3145 1288 3215 auri
1335 3145 1700 3236 purissimi
1746 3146 1919 3228 fisco
1970 3145 2219 3212 nostro
2272 3165 2558 3232 compo-

369 3249 502 3312 nat
510 3270 540 3333 ,-
593 3265 812 3338 quam
848 3245 912 3313 si
934 3250 1235 3336 propter
1267 3245 1587 3337 inopiam
1628 3243 1809 3314 dare
1842 3263 1985 3314 non
2014 3242 2301 3334 poterit,
2352 3243 2557 3324 fusti-

365 3347 589 3436 9etur.
641 3342 910 3413 Iterato
947 3343 1336 3436 deprensus
1371 3346 1444 3414 in
1476 3343 1710 3432 simili,
1749 3365 2045 3414 manum
2077 3341 2341 3434 perdat
2351 3368 2381 3431 ,-
2417 3347 2553 3412 ter-

365 3443 464 3512 tio
499 3441 973 3533 deprehensus
1007 3442 1193 3514 talia
1221 3449 1661 3536 perpetrare,
1717 3445 1787 3513 in
1825 3443 2051 3526 furcis
2086 3443 2340 3514 mortis
2369 3443 2552 3534 peri-

365 3540 600 3612 culum
635 3542 910 3634 subeat,
950 3541 1143 3637 quod
1175 3545 1360 3616 iusto
1388 3542 1651 3615 iudicio
1680 3543 1937 3614 meruit
1960 3541 2205 3614 illicita
2232 3543 2550 3613 commit-

365 3641 600 3734 tendo,
641 3648 711 3713 et
742 3665 887 3713 non
921 3643 1346 3738 corripendo
1381 3645 1789 3715 commissa.
1863 3641 2137 3714 Eadem
2168 3663 2359 3734 pena
2392 3664 2549 3733 pre-

361 3742 565 3826 fectis
615 3742 1044 3830 officialibus
1091 3746 1520 3836 imminente,
1575 3745 1637 3816 si
1681 3765 1891 3836 prece
1945 3741 2051 3812 vei
2096 3743 2362 3832 pretio,
2420 3748 2550 3812 aut

363 3864 616 3912 amore
649 3867 774 3914 seu
809 3845 1059 3914 timore
1093 3847 1433 3940 corrupti,
1486 3843 2026 3938 delinquentium
2064 3845 2543 3912 mercatorum

359 3941 468 4012 vel
501 3945 854 4030 artificum
892 3967 1152 4038 mayne
1187 3946 1380 4015 curie
1414 3949 1659 4016 nostre
1694 3943 1801 4014 vel
1832 3942 2201 4036 reqionum
2248 3942 2545 4012 iustitia-

356 4043 480 4115 riis
513 4046 902 4116 commissa
937 4045 1365 4141 neylexerint
1397 4046 1753 4117 nuntiare.

502 4143 704 4217 Idem
735 4155 1102 4241 augustus
1119 4141 1209 4217 ⁴³:
1255 4144 1694 4217 Mercatores
1712 4140 2058 4240 quoslibet
2072 4142 2273 4236 reyni
2292 4146 2539 4237 nostri,

351 4266 455 4344 43)
500 4267 604 4331 lib.
649 4271 708 4343 3,
753 4271 840 4334 tit.
884 4273 983 4336 50.
