<?xml version="1.0" encoding="UTF-8"?>
<!DOCTYPE html PUBLIC "-//W3C//DTD XHTML 1.0 Transitional//EN"
    "http://www.w3.org/TR/xhtml1/DTD/xhtml1-transitional.dtd">
<html xmlns="http://www.w3.org/1999/xhtml" xml:lang="en" lang="en">
 <head>
  <title>
</title>
<meta http-equiv="Content-Type" content="text/html;charset=utf-8" />
  <meta name='ocr-system' content='tesseract 3.04.00' />
  <meta name='ocr-capabilities' content='ocr_page ocr_carea ocr_par ocr_line ocrx_word'/>
</head>
<body>
  <div class='ocr_page' id='page_1' title='image "./ryccardidesanct01pertgoog_0031.png"; bbox 0 0 3050 4900; ppageno 0'>
   <div class='ocr_carea' id='block_1_1' title="bbox 1111 485 2542 561">
    <p class='ocr_par' dir='ltr' id='par_1_1' title="bbox 1111 485 2542 561">
     <span class='ocr_line' id='line_1_1' title="bbox 1111 485 2542 561; baseline -0.002 -2"><span class='ocrx_word' id='word_1_1' title='bbox 1111 488 1191 559; x_wconf 89' lang='lat' dir='ltr'>A.</span> <span class='ocrx_word' id='word_1_2' title='bbox 1254 485 1772 561; x_wconf 75' lang='lat'><strong>1197-1199,</strong></span> <span class='ocrx_word' id='word_1_3' title='bbox 2454 487 2542 556; x_wconf 79' lang='lat'>19</span> 
     </span>
    </p>
   </div>
   <div class='ocr_carea' id='block_1_2' title="bbox 357 685 2547 1190">
    <p class='ocr_par' dir='ltr' id='par_1_2' title="bbox 357 685 2547 1190">
     <span class='ocr_line' id='line_1_2' title="bbox 361 685 2545 786; baseline -0.002 -25"><span class='ocrx_word' id='word_1_4' title='bbox 361 713 448 761; x_wconf 87' lang='lat' dir='ltr'>se</span> <span class='ocrx_word' id='word_1_5' title='bbox 487 713 634 760; x_wconf 92' lang='lat' dir='ltr'>non</span> <span class='ocrx_word' id='word_1_6' title='bbox 673 711 898 786; x_wconf 87' lang='lat' dir='ltr'>posse</span> <span class='ocrx_word' id='word_1_7' title='bbox 940 688 1436 785; x_wconf 61' lang='lat' dir='ltr'>conspicerett</span> <span class='ocrx_word' id='word_1_8' title='bbox 1495 688 1663 760; x_wconf 85' lang='lat' dir='ltr'>dolo</span> <span class='ocrx_word' id='word_1_9' title='bbox 1716 685 2073 782; x_wconf 86' lang='lat' dir='ltr'>cogitavit</span> <span class='ocrx_word' id='word_1_10' title='bbox 2108 709 2381 784; x_wconf 81' lang='lat' dir='ltr'>capere</span> <span class='ocrx_word' id='word_1_11' title='bbox 2420 689 2545 756; x_wconf 84' lang='lat' dir='ltr'>ob-</span> 
     </span>
     <span class='ocr_line' id='line_1_3' title="bbox 357 788 2546 884; baseline -0.002 -22"><span class='ocrx_word' id='word_1_12' title='bbox 357 791 698 862; x_wconf 81' lang='lat' dir='ltr'><strong>sidentes</strong></span> <span class='ocrx_word' id='word_1_13' title='bbox 747 794 1150 884; x_wconf 70' lang='lat' dir='ltr'>obsessus,</span> <span class='ocrx_word' id='word_1_14' title='bbox 1207 799 1282 861; x_wconf 85' lang='lat' dir='ltr'>et</span> <span class='ocrx_word' id='word_1_15' title='bbox 1331 799 1639 860; x_wconf 88' lang='lat' dir='ltr'>vocatos</span> <span class='ocrx_word' id='word_1_16' title='bbox 1694 811 1825 859; x_wconf 87' lang='lat' dir='ltr'>eos</span> <span class='ocrx_word' id='word_1_17' title='bbox 1878 788 1995 859; x_wconf 91' lang='lat' dir='ltr'>die</span> <span class='ocrx_word' id='word_1_18' title='bbox 2052 791 2373 884; x_wconf 85' lang='lat' dir='ltr'>quadam</span> <span class='ocrx_word' id='word_1_19' title='bbox 2430 809 2546 858; x_wconf 83' lang='lat' dir='ltr'>se·-</span> 
     </span>
     <span class='ocr_line' id='line_1_4' title="bbox 365 888 2545 987; baseline -0.002 -24"><span class='ocrx_word' id='word_1_20' title='bbox 365 893 624 963; x_wconf 88' lang='lat' dir='ltr'>motim</span> <span class='ocrx_word' id='word_1_21' title='bbox 685 894 775 963; x_wconf 89' lang='lat' dir='ltr'>ab</span> <span class='ocrx_word' id='word_1_22' title='bbox 831 890 1020 987; x_wconf 75' lang='lat' dir='ltr'>aliis,</span> <span class='ocrx_word' id='word_1_23' title='bbox 1075 913 1246 963; x_wconf 87' lang='lat' dir='ltr'>cum</span> <span class='ocrx_word' id='word_1_24' title='bbox 1283 890 1396 962; x_wconf 85' lang='lat' dir='ltr'>eis</span> <span class='ocrx_word' id='word_1_25' title='bbox 1434 888 1661 962; x_wconf 86' lang='lat' dir='ltr'>fidem</span> <span class='ocrx_word' id='word_1_26' title='bbox 1700 889 2033 961; x_wconf 81' lang='lat' dir='ltr'>dedisset</span> <span class='ocrx_word' id='word_1_27' title='bbox 2066 892 2263 986; x_wconf 88' lang='lat' dir='ltr'>quod</span> <span class='ocrx_word' id='word_1_28' title='bbox 2304 888 2545 960; x_wconf 80' lang='lat' dir='ltr'>redire</span> 
     </span>
     <span class='ocr_line' id='line_1_5' title="bbox 361 987 2547 1089; baseline -0.001 -28"><span class='ocrx_word' id='word_1_29' title='bbox 361 991 592 1063; x_wconf 88' lang='lat' dir='ltr'>vellet</span> <span class='ocrx_word' id='word_1_30' title='bbox 629 993 721 1064; x_wconf 85' lang='lat' dir='ltr'>ad</span> <span class='ocrx_word' id='word_1_31' title='bbox 757 987 1254 1089; x_wconf 81' lang='lat' dir='ltr'>imperatricis</span> <span class='ocrx_word' id='word_1_32' title='bbox 1293 993 1758 1084; x_wconf 71' lang='lat' dir='ltr'>mandatum⁷</span> <span class='ocrx_word' id='word_1_33' title='bbox 1810 1000 2072 1087; x_wconf 82' lang='lat' dir='ltr'>captos</span> <span class='ocrx_word' id='word_1_34' title='bbox 2112 989 2547 1087; x_wconf 80' lang='lat' dir='ltr'>capitaneos</span> 
     </span>
     <span class='ocr_line' id='line_1_6' title="bbox 365 1090 2194 1190; baseline -0.002 -25"><span class='ocrx_word' id='word_1_35' title='bbox 365 1093 588 1190; x_wconf 69' lang='lat' dir='ltr'>cepit,</span> <span class='ocrx_word' id='word_1_36' title='bbox 646 1115 932 1189; x_wconf 87' lang='lat' dir='ltr'>eosque</span> <span class='ocrx_word' id='word_1_37' title='bbox 981 1095 1072 1163; x_wconf 93' lang='lat' dir='ltr'>de</span> <span class='ocrx_word' id='word_1_38' title='bbox 1123 1092 1468 1189; x_wconf 86' lang='lat' dir='ltr'>personis</span> <span class='ocrx_word' id='word_1_39' title='bbox 1506 1090 1795 1190; x_wconf 84' lang='lat' dir='ltr'>punivit</span> <span class='ocrx_word' id='word_1_40' title='bbox 1832 1101 1911 1161; x_wconf 90' lang='lat' dir='ltr'>ut</span> <span class='ocrx_word' id='word_1_41' title='bbox 1948 1090 2194 1163; x_wconf 87' lang='lat' dir='ltr'>voluit.</span> 
     </span>
    </p>
   </div>
   <div class='ocr_carea' id='block_1_3' title="bbox 369 1377 2572 3195">
    <p class='ocr_par' dir='ltr' id='par_1_3' title="bbox 369 1377 2572 3195">
     <span class='ocr_line' id='line_1_7' title="bbox 519 1377 2553 1479; baseline -0.002 -27"><span class='ocrx_word' id='word_1_42' title='bbox 519 1381 958 1478; x_wconf 84' lang='lat' dir='ltr'>Imperatrix</span> <span class='ocrx_word' id='word_1_43' title='bbox 1033 1381 1195 1479; x_wconf 90' lang='lat' dir='ltr'>ipsa</span> <span class='ocrx_word' id='word_1_44' title='bbox 1258 1391 1681 1479; x_wconf 79' lang='lat' dir='ltr'>processu·</span> <span class='ocrx_word' id='word_1_45' title='bbox 1743 1380 2107 1477; x_wconf 88' lang='lat' dir='ltr'>temporis</span> <span class='ocrx_word' id='word_1_46' title='bbox 2169 1379 2243 1451; x_wconf 87' lang='lat' dir='ltr'>in</span> <span class='ocrx_word' id='word_1_47' title='bbox 2306 1377 2553 1452; x_wconf 83' lang='lat' dir='ltr'>Sicilia</span> 
     </span>
     <span class='ocr_line' id='line_1_8' title="bbox 369 1479 2556 1578; baseline -0.001 -26"><span class='ocrx_word' id='word_1_48' title='bbox 369 1481 582 1577; x_wconf 64' lang='lat' dir='ltr'>obiit,</span> <span class='ocrx_word' id='word_1_49' title='bbox 651 1507 796 1578; x_wconf 91' lang='lat' dir='ltr'>que</span> <span class='ocrx_word' id='word_1_50' title='bbox 847 1481 1080 1554; x_wconf 88' lang='lat' dir='ltr'>filium</span> <span class='ocrx_word' id='word_1_51' title='bbox 1137 1483 1440 1554; x_wconf 81' lang='lat' dir='ltr'>unicum</span> <span class='ocrx_word' id='word_1_52' title='bbox 1493 1481 1971 1553; x_wconf 89' lang='lat' dir='ltr'>Fredericum</span> <span class='ocrx_word' id='word_1_53' title='bbox 2024 1491 2101 1552; x_wconf 91' lang='lat' dir='ltr'>et</span> <span class='ocrx_word' id='word_1_54' title='bbox 2153 1479 2367 1577; x_wconf 84' lang='lat' dir='ltr'>regni</span> <span class='ocrx_word' id='word_1_55' title='bbox 2404 1479 2556 1551; x_wconf 88' lang='lat' dir='ltr'>bal-</span> 
     </span>
     <span class='ocr_line' id='line_1_9' title="bbox 369 1580 2557 1681; baseline -0.002 -27"><span class='ocrx_word' id='word_1_56' title='bbox 369 1583 550 1654; x_wconf 86' lang='lat' dir='ltr'>lium</span> <span class='ocrx_word' id='word_1_57' title='bbox 593 1582 1022 1655; x_wconf 86' lang='lat' dir='ltr'>lnnocentio</span> <span class='ocrx_word' id='word_1_58' title='bbox 1059 1607 1254 1681; x_wconf 82' lang='lat' dir='ltr'>pape</span> <span class='ocrx_word' id='word_1_59' title='bbox 1295 1607 1386 1654; x_wconf 84' lang='lat' dir='ltr'>ex</span> <span class='ocrx_word' id='word_1_60' title='bbox 1422 1592 1880 1654; x_wconf 86' lang='lat' dir='ltr'>testamento</span> <span class='ocrx_word' id='word_1_61' title='bbox 1919 1581 2233 1680; x_wconf 82' lang='lat' dir='ltr'>reliquit.</span> <span class='ocrx_word' id='word_1_62' title='bbox 2298 1580 2557 1653; x_wconf 84' lang='lat' dir='ltr'>Dictus</span> 
     </span>
     <span class='ocr_line' id='line_1_10' title="bbox 369 1681 2557 1780; baseline -0 -26"><span class='ocrx_word' id='word_1_63' title='bbox 369 1707 552 1754; x_wconf 88' lang='lat' dir='ltr'>vero</span> <span class='ocrx_word' id='word_1_64' title='bbox 581 1683 1052 1756; x_wconf 88' lang='lat' dir='ltr'>Marcualdus</span> <span class='ocrx_word' id='word_1_65' title='bbox 1091 1683 1392 1780; x_wconf 83' lang='lat' dir='ltr'>cognito</span> <span class='ocrx_word' id='word_1_66' title='bbox 1429 1685 1520 1755; x_wconf 83' lang='lat' dir='ltr'>de</span> <span class='ocrx_word' id='word_1_67' title='bbox 1554 1693 1793 1754; x_wconf 86' lang='lat' dir='ltr'>morte</span> <span class='ocrx_word' id='word_1_68' title='bbox 1821 1681 2347 1780; x_wconf 65' lang='lat' dir='ltr'>imperatricis,</span> <span class='ocrx_word' id='word_1_69' title='bbox 2383 1705 2557 1754; x_wconf 83' lang='lat' dir='ltr'>con-</span> 
     </span>
     <span class='ocr_line' id='line_1_11' title="bbox 369 1781 2559 1881; baseline -0.002 -26"><span class='ocrx_word' id='word_1_70' title='bbox 369 1795 687 1881; x_wconf 73' lang='lat' dir='ltr'>gregato</span> <span class='ocrx_word' id='word_1_71' title='bbox 737 1785 1238 1880; x_wconf 83' lang='lat' dir='ltr'>malignorum</span> <span class='ocrx_word' id='word_1_72' title='bbox 1291 1783 1621 1856; x_wconf 80' lang='lat' dir='ltr'>exercitu</span> <span class='ocrx_word' id='word_1_73' title='bbox 1670 1808 1859 1881; x_wconf 85' lang='lat' dir='ltr'>quos</span> <span class='ocrx_word' id='word_1_74' title='bbox 1898 1807 2125 1880; x_wconf 86' lang='lat' dir='ltr'>prece</span> <span class='ocrx_word' id='word_1_75' title='bbox 2165 1783 2285 1854; x_wconf 90' lang='lat' dir='ltr'>vel</span> <span class='ocrx_word' id='word_1_76' title='bbox 2323 1781 2559 1880; x_wconf 85' lang='lat' dir='ltr'>pretio</span> 
     </span>
     <span class='ocr_line' id='line_1_12' title="bbox 369 1884 2559 1982; baseline -0.001 -26"><span class='ocrx_word' id='word_1_77' title='bbox 369 1889 858 1982; x_wconf 66' lang='lat' dir='ltr'>conduxerat,</span> <span class='ocrx_word' id='word_1_78' title='bbox 911 1907 1232 1982; x_wconf 79' lang='lat' dir='ltr'>regnum</span> <span class='ocrx_word' id='word_1_79' title='bbox 1283 1909 1430 1956; x_wconf 87' lang='lat' dir='ltr'>non</span> <span class='ocrx_word' id='word_1_80' title='bbox 1489 1885 1655 1956; x_wconf 88' lang='lat' dir='ltr'>sine</span> <span class='ocrx_word' id='word_1_81' title='bbox 1707 1885 2001 1956; x_wconf 87' lang='lat' dir='ltr'>illorum</span> <span class='ocrx_word' id='word_1_82' title='bbox 2048 1884 2430 1981; x_wconf 86' lang='lat' dir='ltr'>quierant</span> <span class='ocrx_word' id='word_1_83' title='bbox 2466 1885 2559 1954; x_wconf 90' lang='lat' dir='ltr'>de</span> 
     </span>
     <span class='ocr_line' id='line_1_13' title="bbox 375 1983 2563 2082; baseline -0.001 -26"><span class='ocrx_word' id='word_1_84' title='bbox 375 2010 614 2082; x_wconf 83' lang='lat' dir='ltr'>regno</span> <span class='ocrx_word' id='word_1_85' title='bbox 645 1987 918 2061; x_wconf 86' lang='lat' dir='ltr'>auxilio</span> <span class='ocrx_word' id='word_1_86' title='bbox 945 1998 1021 2058; x_wconf 87' lang='lat' dir='ltr'>et</span> <span class='ocrx_word' id='word_1_87' title='bbox 1051 1990 1320 2058; x_wconf 86' lang='lat' dir='ltr'>ducatu</span> <span class='ocrx_word' id='word_1_88' title='bbox 1361 1986 1675 2057; x_wconf 89' lang='lat' dir='ltr'>intravit.</span> <span class='ocrx_word' id='word_1_89' title='bbox 1742 1987 1833 2058; x_wconf 87' lang='lat' dir='ltr'>Et</span> <span class='ocrx_word' id='word_1_90' title='bbox 1868 1985 2183 2058; x_wconf 85' lang='lat' dir='ltr'>veniens</span> <span class='ocrx_word' id='word_1_91' title='bbox 2221 1984 2295 2056; x_wconf 90' lang='lat' dir='ltr'>in</span> <span class='ocrx_word' id='word_1_92' title='bbox 2334 1983 2563 2056; x_wconf 71' lang='lat' dir='ltr'>comi-</span> 
     </span>
     <span class='ocr_line' id='line_1_14' title="bbox 372 2085 2563 2183; baseline -0.002 -25"><span class='ocrx_word' id='word_1_93' title='bbox 372 2097 608 2158; x_wconf 84' lang='lat' dir='ltr'>tatum</span> <span class='ocrx_word' id='word_1_94' title='bbox 650 2087 945 2181; x_wconf 61' lang='lat' dir='ltr'>Molisii„</span> <span class='ocrx_word' id='word_1_95' title='bbox 997 2087 1070 2158; x_wconf 91' lang='lat' dir='ltr'>in</span> <span class='ocrx_word' id='word_1_96' title='bbox 1117 2111 1266 2183; x_wconf 90' lang='lat' dir='ltr'>quo</span> <span class='ocrx_word' id='word_1_97' title='bbox 1305 2085 1474 2158; x_wconf 87' lang='lat' dir='ltr'>fidei</span> <span class='ocrx_word' id='word_1_98' title='bbox 1515 2110 1653 2158; x_wconf 84' lang='lat' dir='ltr'>sue</span> <span class='ocrx_word' id='word_1_99' title='bbox 1691 2086 2003 2183; x_wconf 79' lang='lat' dir='ltr'>reliquie</span> <span class='ocrx_word' id='word_1_100' title='bbox 2040 2090 2563 2178; x_wconf 64' lang='lat' dir='ltr'>servabantur,</span> 
     </span>
     <span class='ocr_line' id='line_1_15' title="bbox 373 2186 2563 2284; baseline 0 -26"><span class='ocrx_word' id='word_1_101' title='bbox 373 2189 464 2258; x_wconf 85' lang='lat' dir='ltr'>ad</span> <span class='ocrx_word' id='word_1_102' title='bbox 523 2186 798 2259; x_wconf 85' lang='lat' dir='ltr'>dictum</span> <span class='ocrx_word' id='word_1_103' title='bbox 853 2187 1353 2260; x_wconf 88' lang='lat' dir='ltr'>Casinensem</span> <span class='ocrx_word' id='word_1_104' title='bbox 1410 2189 1757 2258; x_wconf 84' lang='lat' dir='ltr'>abbatem</span> <span class='ocrx_word' id='word_1_105' title='bbox 1818 2210 1954 2284; x_wconf 89' lang='lat' dir='ltr'>pro</span> <span class='ocrx_word' id='word_1_106' title='bbox 2014 2211 2205 2284; x_wconf 87' lang='lat' dir='ltr'>pace</span> <span class='ocrx_word' id='word_1_107' title='bbox 2266 2187 2563 2282; x_wconf 75' lang='lat' dir='ltr'>legatos</span> 
     </span>
     <span class='ocr_line' id='line_1_16' title="bbox 376 2287 2567 2385; baseline -0.001 -27"><span class='ocrx_word' id='word_1_108' title='bbox 376 2287 606 2382; x_wconf 72' lang='lat' dir='ltr'>misit,</span> <span class='ocrx_word' id='word_1_109' title='bbox 660 2310 798 2384; x_wconf 89' lang='lat' dir='ltr'>per</span> <span class='ocrx_word' id='word_1_110' title='bbox 848 2312 1036 2384; x_wconf 89' lang='lat' dir='ltr'>quos</span> <span class='ocrx_word' id='word_1_111' title='bbox 1089 2288 1312 2360; x_wconf 88' lang='lat' dir='ltr'>etiam</span> <span class='ocrx_word' id='word_1_112' title='bbox 1368 2287 1645 2385; x_wconf 70' lang='lat' dir='ltr'>ipsum,</span> <span class='ocrx_word' id='word_1_113' title='bbox 1700 2298 1781 2360; x_wconf 86' lang='lat' dir='ltr'>ut</span> <span class='ocrx_word' id='word_1_114' title='bbox 1832 2287 1973 2360; x_wconf 85' lang='lat' dir='ltr'>sibi</span> <span class='ocrx_word' id='word_1_115' title='bbox 2023 2287 2238 2384; x_wconf 79' lang='lat' dir='ltr'>regni</span> <span class='ocrx_word' id='word_1_116' title='bbox 2288 2288 2567 2358; x_wconf 86' lang='lat' dir='ltr'>iuraret</span> 
     </span>
     <span class='ocr_line' id='line_1_17' title="bbox 375 2388 2564 2503; baseline -0.001 -42"><span class='ocrx_word' id='word_1_117' title='bbox 375 2388 725 2503; x_wconf 66' lang='lat' dir='ltr'>ballium,</span> <span class='ocrx_word' id='word_1_118' title='bbox 761 2391 958 2485; x_wconf 90' lang='lat' dir='ltr'>quod</span> <span class='ocrx_word' id='word_1_119' title='bbox 1011 2388 1145 2463; x_wconf 86' lang='lat' dir='ltr'>sibi</span> <span class='ocrx_word' id='word_1_120' title='bbox 1195 2388 1608 2487; x_wconf 85' lang='lat' dir='ltr'>imperator</span> <span class='ocrx_word' id='word_1_121' title='bbox 1644 2388 2049 2487; x_wconf 72' lang='lat' dir='ltr'>reliquerat</span> <span class='ocrx_word' id='word_1_122' title='bbox 2086 2399 2165 2461; x_wconf 93' lang='lat' dir='ltr'>ut</span> <span class='ocrx_word' id='word_1_123' title='bbox 2200 2388 2564 2480; x_wconf 70' lang='lat' dir='ltr'>dicebat¹’‚</span> 
     </span>
     <span class='ocr_line' id='line_1_18' title="bbox 376 2489 2564 2588; baseline 0 -28"><span class='ocrx_word' id='word_1_124' title='bbox 376 2489 796 2587; x_wconf 81' lang='lat' dir='ltr'>requisivit3</span> <span class='ocrx_word' id='word_1_125' title='bbox 853 2492 1028 2588; x_wconf 85' lang='lat' dir='ltr'>quia</span> <span class='ocrx_word' id='word_1_126' title='bbox 1065 2514 1242 2562; x_wconf 90' lang='lat' dir='ltr'>vero</span> <span class='ocrx_word' id='word_1_127' title='bbox 1283 2515 1326 2563; x_wconf 91' lang='lat' dir='ltr'>a</span> <span class='ocrx_word' id='word_1_128' title='bbox 1365 2490 1697 2588; x_wconf 88' lang='lat' dir='ltr'>predicto</span> <span class='ocrx_word' id='word_1_129' title='bbox 1734 2494 2005 2563; x_wconf 85' lang='lat' dir='ltr'>abbate</span> <span class='ocrx_word' id='word_1_130' title='bbox 2040 2492 2187 2562; x_wconf 90' lang='lat' dir='ltr'>hoc</span> <span class='ocrx_word' id='word_1_131' title='bbox 2222 2490 2564 2588; x_wconf 85' lang='lat' dir='ltr'>optinere</span> 
     </span>
     <span class='ocr_line' id='line_1_19' title="bbox 378 2590 2563 2690; baseline -0 -28"><span class='ocrx_word' id='word_1_132' title='bbox 378 2616 528 2662; x_wconf 88' lang='lat' dir='ltr'>non</span> <span class='ocrx_word' id='word_1_133' title='bbox 566 2591 806 2688; x_wconf 88' lang='lat' dir='ltr'>potuit</span> <span class='ocrx_word' id='word_1_134' title='bbox 857 2632 945 2645; x_wconf 91' lang='lat'>—-</span> <span class='ocrx_word' id='word_1_135' title='bbox 1005 2616 1179 2663; x_wconf 85' lang='lat' dir='ltr'>nam</span> <span class='ocrx_word' id='word_1_136' title='bbox 1219 2591 1462 2689; x_wconf 88' lang='lat' dir='ltr'>primo</span> <span class='ocrx_word' id='word_1_137' title='bbox 1497 2592 1715 2688; x_wconf 84' lang='lat' dir='ltr'>regni</span> <span class='ocrx_word' id='word_1_138' title='bbox 1752 2592 1989 2690; x_wconf 88' lang='lat' dir='ltr'>ipsius</span> <span class='ocrx_word' id='word_1_139' title='bbox 2026 2592 2331 2664; x_wconf 88' lang='lat' dir='ltr'>ballium</span> <span class='ocrx_word' id='word_1_140' title='bbox 2370 2590 2563 2663; x_wconf 86' lang='lat' dir='ltr'>dicto</span> 
     </span>
     <span class='ocr_line' id='line_1_20' title="bbox 377 2691 2564 2790; baseline -0.001 -27"><span class='ocrx_word' id='word_1_141' title='bbox 377 2691 812 2764; x_wconf 85' lang='lat' dir='ltr'>Innocentio</span> <span class='ocrx_word' id='word_1_142' title='bbox 867 2716 1064 2789; x_wconf 81' lang='lat' dir='ltr'>pape</span> <span class='ocrx_word' id='word_1_143' title='bbox 1113 2693 1527 2787; x_wconf 63' lang='lat' dir='ltr'>iuraverat,</span> <span class='ocrx_word' id='word_1_144' title='bbox 1580 2692 1703 2789; x_wconf 91' lang='lat' dir='ltr'>qui</span> <span class='ocrx_word' id='word_1_145' title='bbox 1760 2704 2016 2765; x_wconf 90' lang='lat' dir='ltr'>contra</span> <span class='ocrx_word' id='word_1_146' title='bbox 2070 2693 2319 2790; x_wconf 88' lang='lat' dir='ltr'>ipsum</span> <span class='ocrx_word' id='word_1_147' title='bbox 2374 2692 2564 2764; x_wconf 83' lang='lat' dir='ltr'>Mar·</span> 
     </span>
     <span class='ocr_line' id='line_1_21' title="bbox 381 2791 2567 2866; baseline -0.001 -1"><span class='ocrx_word' id='word_1_148' title='bbox 381 2793 725 2865; x_wconf 84' lang='lat' dir='ltr'>cualdum</span> <span class='ocrx_word' id='word_1_149' title='bbox 765 2792 912 2864; x_wconf 87' lang='lat' dir='ltr'>ad</span> <span class='ocrx_word' id='word_1_150' title='bbox 893 2817 1044 2864; x_wconf 77' lang='lat' dir='ltr'>lam</span> <span class='ocrx_word' id='word_1_151' title='bbox 1083 2792 1363 2865; x_wconf 81' lang='lat' dir='ltr'>dictum</span> <span class='ocrx_word' id='word_1_152' title='bbox 1399 2795 1747 2865; x_wconf 87' lang='lat' dir='ltr'>abbatem</span> <span class='ocrx_word' id='word_1_153' title='bbox 1778 2796 1964 2866; x_wconf 88' lang='lat' dir='ltr'>duos</span> <span class='ocrx_word' id='word_1_154' title='bbox 1994 2794 2307 2866; x_wconf 87' lang='lat' dir='ltr'>miserat</span> <span class='ocrx_word' id='word_1_155' title='bbox 2336 2791 2567 2863; x_wconf 82' lang='lat' dir='ltr'>cardi—</span> 
     </span>
     <span class='ocr_line' id='line_1_22' title="bbox 380 2891 2565 2991; baseline -0 -27"><span class='ocrx_word' id='word_1_156' title='bbox 380 2893 592 2965; x_wconf 83' lang='lat' dir='ltr'>nales</span> <span class='ocrx_word' id='word_1_157' title='bbox 632 2917 802 2966; x_wconf 91' lang='lat' dir='ltr'>cum</span> <span class='ocrx_word' id='word_1_158' title='bbox 833 2894 1144 2965; x_wconf 85' lang='lat' dir='ltr'>exfortio</span> <span class='ocrx_word' id='word_1_159' title='bbox 1173 2893 1491 2965; x_wconf 86' lang='lat' dir='ltr'>militum</span> <span class='ocrx_word' id='word_1_160' title='bbox 1521 2892 2076 2991; x_wconf 86' lang='lat' dir='ltr'>Campanorum</span> <span class='ocrx_word' id='word_1_161' title='bbox 2110 2904 2185 2965; x_wconf 91' lang='lat' dir='ltr'>et</span> <span class='ocrx_word' id='word_1_162' title='bbox 2212 2891 2565 2965; x_wconf 84' lang='lat' dir='ltr'>auxilium</span> 
     </span>
     <span class='ocr_line' id='line_1_23' title="bbox 379 2993 2572 3092; baseline -0.001 -26"><span class='ocrx_word' id='word_1_163' title='bbox 379 3004 580 3067; x_wconf 89' lang='lat' dir='ltr'>terre</span> <span class='ocrx_word' id='word_1_164' title='bbox 612 3018 775 3091; x_wconf 74' lang='lat' dir='ltr'>sue,</span> <span class='ocrx_word' id='word_1_165' title='bbox 813 2997 1290 3092; x_wconf 88' lang='lat' dir='ltr'>eundemque</span> <span class='ocrx_word' id='word_1_166' title='bbox 1319 2996 1829 3068; x_wconf 89' lang='lat' dir='ltr'>Marcualdum</span> <span class='ocrx_word' id='word_1_167' title='bbox 1870 2993 2572 3067; x_wconf 84' lang='lat' dir='ltr'>excommunicatio-</span> 
     </span>
     <span class='ocr_line' id='line_1_24' title="bbox 381 3094 2569 3195; baseline 0 -29"><span class='ocrx_word' id='word_1_168' title='bbox 381 3094 498 3168; x_wconf 86' lang='lat' dir='ltr'>nis</span> <span class='ocrx_word' id='word_1_169' title='bbox 547 3095 846 3167; x_wconf 87' lang='lat' dir='ltr'>vinculo</span> <span class='ocrx_word' id='word_1_170' title='bbox 897 3096 1387 3170; x_wconf 84' lang='lat' dir='ltr'>innodaverat</span> <span class='ocrx_word' id='word_1_171' title='bbox 1439 3106 1515 3168; x_wconf 91' lang='lat' dir='ltr'>et</span> <span class='ocrx_word' id='word_1_172' title='bbox 1564 3121 1935 3195; x_wconf 89' lang='lat' dir='ltr'>sequaces</span> <span class='ocrx_word' id='word_1_173' title='bbox 1989 3096 2185 3169; x_wconf 90' lang='lat' dir='ltr'>illius</span> <span class='ocrx_word' id='word_1_174' title='bbox 2227 3136 2355 3188; x_wconf 73' lang='grc'>-,</span> <span class='ocrx_word' id='word_1_175' title='bbox 2404 3094 2569 3193; x_wconf 80' lang='lat' dir='ltr'>ipse</span> 
     </span>
    </p>
   </div>
   <div class='ocr_carea' id='block_1_4' title="bbox 384 3196 2571 3371">
    <p class='ocr_par' dir='ltr' id='par_1_4' title="bbox 384 3196 2571 3371">
     <span class='ocr_line' id='line_1_25' title="bbox 385 3196 2571 3295; baseline 0 -28"><span class='ocrx_word' id='word_1_176' title='bbox 385 3196 500 3267; x_wconf 87' lang='lat' dir='ltr'>sui</span> <span class='ocrx_word' id='word_1_177' title='bbox 552 3197 825 3268; x_wconf 80' lang='lat' dir='ltr'>furoris</span> <span class='ocrx_word' id='word_1_178' title='bbox 875 3196 1302 3294; x_wconf 68' lang='lat' dir='ltr'>impatienS‚</span> <span class='ocrx_word' id='word_1_179' title='bbox 1359 3197 1557 3295; x_wconf 85' lang='lat' dir='ltr'>cepit</span> <span class='ocrx_word' id='word_1_180' title='bbox 1611 3222 1821 3270; x_wconf 90' lang='lat' dir='ltr'>more</span> <span class='ocrx_word' id='word_1_181' title='bbox 1859 3197 2267 3269; x_wconf 85' lang='lat' dir='ltr'>Teutonico</span> <span class='ocrx_word' id='word_1_182' title='bbox 2312 3196 2387 3268; x_wconf 90' lang='lat' dir='ltr'>in</span> <span class='ocrx_word' id='word_1_183' title='bbox 2424 3206 2571 3269; x_wconf 83' lang='lat' dir='ltr'>ter-</span> 
     </span>
     <span class='ocr_line' id='line_1_26' title="bbox 384 3298 1426 3371; baseline 0.001 -3"><span class='ocrx_word' id='word_1_184' title='bbox 384 3318 548 3369; x_wconf 87' lang='lat' dir='ltr'>ram</span> <span class='ocrx_word' id='word_1_185' title='bbox 585 3299 1019 3371; x_wconf 89' lang='lat' dir='ltr'>monasterii</span> <span class='ocrx_word' id='word_1_186' title='bbox 1059 3298 1426 3371; x_wconf 87' lang='lat' dir='ltr'>desevire.</span> 
     </span>
    </p>
   </div>
   <div class='ocr_carea' id='block_1_5' title="bbox 1358 3452 1687 3543">
    <p class='ocr_par' dir='ltr' id='par_1_5' title="bbox 1358 3452 1687 3543">
     <span class='ocr_line' id='line_1_27' title="bbox 1358 3452 1687 3543; baseline 0 -4"><span class='ocrx_word' id='word_1_187' title='bbox 1358 3452 1607 3543; x_wconf 83' lang='lat'><strong>1199.</strong></span> <span class='ocrx_word' id='word_1_188' title='bbox 1682 3506 1687 3509; x_wconf 95' lang='lat'>-</span> 
     </span>
    </p>
   </div>
   <div class='ocr_carea' id='block_1_6' title="bbox 387 3588 2755 4193">
    <p class='ocr_par' dir='ltr' id='par_1_6' title="bbox 387 3588 2755 4193">
     <span class='ocr_line' id='line_1_28' title="bbox 537 3588 2755 3687; baseline -0.001 -28"><span class='ocrx_word' id='word_1_189' title='bbox 537 3588 800 3661; x_wconf 88' lang='lat' dir='ltr'>Mense</span> <span class='ocrx_word' id='word_1_190' title='bbox 836 3589 1176 3661; x_wconf 86' lang='lat' dir='ltr'>Ianuario</span> <span class='ocrx_word' id='word_1_191' title='bbox 1215 3589 1338 3661; x_wconf 91' lang='lat' dir='ltr'>hic</span> <span class='ocrx_word' id='word_1_192' title='bbox 1375 3614 1514 3687; x_wconf 90' lang='lat' dir='ltr'>per</span> <span class='ocrx_word' id='word_1_193' title='bbox 1546 3590 1955 3663; x_wconf 81' lang='lat' dir='ltr'>Venafrum</span> <span class='ocrx_word' id='word_1_194' title='bbox 1992 3592 2306 3663; x_wconf 84' lang='lat' dir='ltr'>veniens</span> <span class='ocrx_word' id='word_1_195' title='bbox 2344 3589 2755 3662; x_wconf 81' lang='lat' dir='ltr'>male—1198.</span> 
     </span>
     <span class='ocr_line' id='line_1_29' title="bbox 389 3687 2575 3788; baseline -0 -27"><span class='ocrx_word' id='word_1_196' title='bbox 389 3687 629 3761; x_wconf 88' lang='lat' dir='ltr'>dictus</span> <span class='ocrx_word' id='word_1_197' title='bbox 686 3713 853 3761; x_wconf 87' lang='lat' dir='ltr'>cum</span> <span class='ocrx_word' id='word_1_198' title='bbox 907 3691 1322 3763; x_wconf 86' lang='lat' dir='ltr'>maledictis</span> <span class='ocrx_word' id='word_1_199' title='bbox 1377 3702 1659 3763; x_wconf 87' lang='lat' dir='ltr'>terram</span> <span class='ocrx_word' id='word_1_200' title='bbox 1712 3692 1953 3765; x_wconf 85' lang='lat' dir='ltr'>sancti</span> <span class='ocrx_word' id='word_1_201' title='bbox 2010 3693 2401 3788; x_wconf 84' lang='lat' dir='ltr'>ingressus</span> <span class='ocrx_word' id='word_1_202' title='bbox 2458 3699 2575 3761; x_wconf 84' lang='lat' dir='ltr'>est</span> 
     </span>
     <span class='ocr_line' id='line_1_30' title="bbox 387 3788 2574 3889; baseline 0 -28"><span class='ocrx_word' id='word_1_203' title='bbox 387 3788 808 3884; x_wconf 77' lang='lat' dir='ltr'>Benedicti3</span> <span class='ocrx_word' id='word_1_204' title='bbox 849 3801 924 3862; x_wconf 91' lang='lat' dir='ltr'>et</span> <span class='ocrx_word' id='word_1_205' title='bbox 959 3792 1200 3889; x_wconf 88' lang='lat' dir='ltr'>primo</span> <span class='ocrx_word' id='word_1_206' title='bbox 1240 3802 1570 3864; x_wconf 87' lang='lat' dir='ltr'>castrum</span> <span class='ocrx_word' id='word_1_207' title='bbox 1610 3793 1862 3867; x_wconf 86' lang='lat' dir='ltr'>Sancti</span> <span class='ocrx_word' id='word_1_208' title='bbox 1894 3793 2089 3867; x_wconf 88' lang='lat' dir='ltr'>Petri</span> <span class='ocrx_word' id='word_1_209' title='bbox 2126 3793 2199 3863; x_wconf 90' lang='lat' dir='ltr'>in</span> <span class='ocrx_word' id='word_1_210' title='bbox 2236 3789 2413 3885; x_wconf 73' lang='lat' dir='ltr'>fine,</span> <span class='ocrx_word' id='word_1_211' title='bbox 2448 3793 2574 3861; x_wconf 88' lang='lat' dir='ltr'>de-</span> 
     </span>
     <span class='ocr_line' id='line_1_31' title="bbox 391 3892 2575 3966; baseline 0 -5"><span class='ocrx_word' id='word_1_212' title='bbox 391 3902 679 3963; x_wconf 88' lang='lat' dir='ltr'>sertum</span> <span class='ocrx_word' id='word_1_213' title='bbox 733 3895 824 3963; x_wconf 86' lang='lat' dir='ltr'>ab</span> <span class='ocrx_word' id='word_1_214' title='bbox 873 3892 1135 3965; x_wconf 81' lang='lat' dir='ltr'>incolis</span> <span class='ocrx_word' id='word_1_215' title='bbox 1177 3917 1404 3965; x_wconf 87' lang='lat' dir='ltr'>causa</span> <span class='ocrx_word' id='word_1_216' title='bbox 1451 3904 1695 3965; x_wconf 83' lang='lat' dir='ltr'>metus</span> <span class='ocrx_word' id='word_1_217' title='bbox 1734 3894 1935 3966; x_wconf 91' lang='lat' dir='ltr'>nullo</span> <span class='ocrx_word' id='word_1_218' title='bbox 1976 3895 2320 3965; x_wconf 88' lang='lat' dir='ltr'>obstante</span> <span class='ocrx_word' id='word_1_219' title='bbox 2358 3911 2575 3963; x_wconf 86' lang='lat' dir='ltr'>occu-</span> 
     </span>
     <span class='ocr_line' id='line_1_32' title="bbox 391 3991 2575 4088; baseline 0.001 -27"><span class='ocrx_word' id='word_1_220' title='bbox 391 4012 623 4087; x_wconf 66' lang='lat' dir='ltr'>pam,</span> <span class='ocrx_word' id='word_1_221' title='bbox 696 3991 870 4088; x_wconf 79' lang='lat' dir='ltr'>igne</span> <span class='ocrx_word' id='word_1_222' title='bbox 937 3993 1332 4088; x_wconf 74' lang='lat' dir='ltr'>cremavit3</span> <span class='ocrx_word' id='word_1_223' title='bbox 1411 4005 1741 4066; x_wconf 87' lang='lat' dir='ltr'>castrum</span> <span class='ocrx_word' id='word_1_224' title='bbox 1809 3994 2063 4068; x_wconf 87' lang='lat' dir='ltr'>Sancti</span> <span class='ocrx_word' id='word_1_225' title='bbox 2126 3993 2441 4064; x_wconf 87' lang='lat' dir='ltr'>Victoris</span> <span class='ocrx_word' id='word_1_226' title='bbox 2506 3991 2575 4063; x_wconf 92' lang='lat' dir='ltr'>vi</span> 
     </span>
     <span class='ocr_line' id='line_1_33' title="bbox 391 4094 2577 4193; baseline 0.001 -30"><span class='ocrx_word' id='word_1_227' title='bbox 391 4094 727 4190; x_wconf 68' lang='lat' dir='ltr'>capienS,</span> <span class='ocrx_word' id='word_1_228' title='bbox 781 4094 994 4167; x_wconf 89' lang='lat' dir='ltr'>bonis</span> <span class='ocrx_word' id='word_1_229' title='bbox 1034 4094 1352 4193; x_wconf 87' lang='lat' dir='ltr'>propriis</span> <span class='ocrx_word' id='word_1_230' title='bbox 1393 4095 1777 4192; x_wconf 78' lang='lat' dir='ltr'>spoliavit3</span> <span class='ocrx_word' id='word_1_231' title='bbox 1835 4106 1905 4168; x_wconf 87' lang='lat' dir='ltr'>et</span> <span class='ocrx_word' id='word_1_232' title='bbox 1955 4119 2271 4168; x_wconf 90' lang='lat' dir='ltr'>movens</span> <span class='ocrx_word' id='word_1_233' title='bbox 2312 4094 2577 4165; x_wconf 81' lang='lat' dir='ltr'>exinde</span> 
     </span>
    </p>
   </div>
   <div class='ocr_carea' id='block_1_7' title="bbox 391 4264 2577 4408">
    <p class='ocr_par' dir='ltr' id='par_1_7' title="bbox 391 4264 2577 4408">
     <span class='ocr_line' id='line_1_34' title="bbox 392 4264 2577 4352; baseline 0 -35"><span class='ocrx_word' id='word_1_234' title='bbox 392 4264 440 4351; x_wconf 71' lang='lat' dir='ltr'>a)</span> <span class='ocrx_word' id='word_1_235' title='bbox 482 4284 533 4333; x_wconf 87' lang='lat' dir='ltr'>p.</span> <span class='ocrx_word' id='word_1_236' title='bbox 575 4277 610 4318; x_wconf 75' lang='lat' dir='ltr'>t.</span> <span class='ocrx_word' id='word_1_237' title='bbox 644 4269 704 4352; x_wconf 31' lang='lat' dir='ltr'>‘in</span> <span class='ocrx_word' id='word_1_238' title='bbox 747 4266 929 4319; x_wconf 86' lang='lat' dir='ltr'>Sicilia</span> <span class='ocrx_word' id='word_1_239' title='bbox 970 4286 1020 4322; x_wconf 91' lang='lat'>0.</span> <span class='ocrx_word' id='word_1_240' title='bbox 1063 4286 1112 4336; x_wconf 89' lang='lat' dir='ltr'>q.</span> <span class='ocrx_word' id='word_1_241' title='bbox 1155 4268 1192 4318; x_wconf 79' lang='lat' dir='ltr'>f.</span> <span class='ocrx_word' id='word_1_242' title='bbox 1236 4285 1286 4320; x_wconf 87' lang='lat' dir='ltr'>u.</span> <span class='ocrx_word' id='word_1_243' title='bbox 1328 4277 1380 4320; x_wconf 82' lang='lat' dir='ltr'>et</span> <span class='ocrx_word' id='word_1_244' title='bbox 1419 4286 1462 4321; x_wconf 84' lang='lat' dir='ltr'>r.</span> <span class='ocrx_word' id='word_1_245' title='bbox 1503 4274 1794 4323; x_wconf 80' lang='lat' dir='ltr'>atramento</span> <span class='ocrx_word' id='word_1_246' title='bbox 1832 4270 2035 4321; x_wconf 74' lang='lat' dir='ltr'>recenti</span> <span class='ocrx_word' id='word_1_247' title='bbox 2067 4269 2215 4321; x_wconf 71' lang='lat' dir='ltr'>illita.</span> <span class='ocrx_word' id='word_1_248' title='bbox 2344 4270 2399 4336; x_wconf 88' lang='lat' dir='ltr'>b)</span> <span class='ocrx_word' id='word_1_249' title='bbox 2439 4284 2472 4319; x_wconf 90' lang='lat' dir='ltr'>u</span> <span class='ocrx_word' id='word_1_250' title='bbox 2525 4269 2577 4319; x_wconf 86' lang='lat' dir='ltr'>d.</span> 
     </span>
     <span class='ocr_line' id='line_1_35' title="bbox 391 4356 736 4408; baseline 0.012 -19"><span class='ocrx_word' id='word_1_251' title='bbox 391 4356 443 4391; x_wconf 86' lang='lat' dir='ltr'>m</span> <span class='ocrx_word' id='word_1_252' title='bbox 482 4356 736 4408; x_wconf 74' lang='lat' dir='ltr'>marqme.</span> 
     </span>
    </p>
   </div>
  </div>
 </body>
</html>
