3050 4900
1135 472 1217 543 A.
1280 470 1769 547 1237.1238.
2402 474 2541 550 135

353 671 580 743 niam.
639 670 836 743 Hoc
869 692 1138 745 mense
1187 670 1264 743 in
1316 670 1593 745 Casino
1643 669 2065 743 celebratur
2114 670 2409 770 electio,
2464 682 2543 746 et

351 771 524 869 quia
575 770 649 843 in
705 770 1053 867 eligendo
1107 771 1461 844 monachi
1511 769 1919 844 convenire
1968 792 2117 843 non
2167 782 2542 870 poterant,

349 883 520 945 vota
557 896 696 944 sua
734 874 1100 945 dederunt
1135 896 1404 945 omnes
1449 871 1524 944 in
1564 870 2217 970 archiepiscopum
2252 872 2541 948 Messa-

349 975 698 1069 nensem,
748 981 830 1043 ut
863 972 1028 1070 ipse
1068 997 1301 1046 unum
1338 996 1565 1069 quem
1604 972 1833 1045 vellet
1868 975 1961 1045 de
1998 971 2289 1068 gremio
2328 996 2541 1049 assu-

349 1083 594 1146 meret
629 1072 1087 1147 monasterii.

499 1192 760 1264 Mense
796 1191 956 1264 Iulii
995 1192 1384 1267 Conradus
1421 1215 1555 1263 rex
1592 1190 1791 1265 filius
1814 1190 2305 1305 imperatoris
2359 1203 2541 1291 aput

346 1294 720 1364 Veronam
774 1292 980 1365 venit
1028 1296 1119 1365 ad
1169 1302 1461 1390 patrem
1505 1316 1675 1365 cum
1717 1290 2173 1391 principibus
2214 1302 2289 1365 et
2328 1316 2538 1366 exer·

347 1393 496 1467 citu
527 1393 869 1507 copios03
910 1417 1082 1466 cum
1113 1418 1260 1491 quo
1293 1416 1378 1465 se
1409 1395 1862 1467 Cremonam
1903 1394 2329 1507 conferens,
2366 1394 2539 1468 inde

347 1493 720 1567 feliciter
701 1518 776 1564 m
807 1494 1268 1567 obsidionem
1299 1494 1569 1565 Brexie
1597 1493 2067 1592 properavit.
2105 1505 2284 1593 aput
2313 1494 2538 1567 Vero·

349 1618 526 1666 nam
581 1594 809 1665 etiam
861 1593 1309 1689 magistrum
1356 1596 1625 1666 domus
1678 1593 2284 1689 Teutonicorum.,
2336 1594 2539 1667 infir·

352 1718 557 1765 mum
596 1696 1038 1767 redeuntem
1077 1696 1170 1766 de
1199 1692 1535 1790 partibus
1564 1694 2078 1790 Ultramontis‚
2115 1694 2381 1793 recipit
2404 1695 2539 1769 im·

349 1804 669 1893 perator.
725 1795 884 1867 Hoc
915 1818 1182 1868 mense
1210 1795 1443 1867 frater
1469 1794 1845 1869 lohannes
1871 1799 2301 1893 CapuanuS,
2332 1797 2539 1870 Casi-

348 1895 608 1968 nensis
658 1896 1104 1993 monachus,
1159 1895 1231 1966 in
1289 1899 1639 1969 abbatem
1693 1896 1949 1971 Sancti
1985 1896 2396 1971 Salvatoris
2444 1900 2537 1973 de

348 1996 645 2070 Telesia
699 2019 838 2093 per
884 2019 1160 2094 papam
1202 1996 1651 2093 Gregorium
1690 2008 1871 2094 aput
1902 1998 2324 2094 Anagniam
2366 2022 2537 2072 con·

348 2107 690 2169 secr-atus
731 2106 866 2168 est.

495 2214 762 2287 Mense
789 2212 1106 2310 Augusti
1134 2213 1504 2288 Henricus
1538 2216 1629 2287 de
1656 2214 1902 2287 Morro
1933 2215 2300 2312 magister
2331 2215 2537 2289 iusti-

344 2313 604 2387 tiarius
662 2316 754 2387 de
808 2314 1251 2387 Lombardia
1301 2315 1496 2388 redit
1546 2315 1621 2386 in
1659 2339 2002 2413 regnum.
2109 2316 2267 2390 Hoc
2306 2315 2533 2389 etiam

345 2438 614 2490 mense
652 2414 892 2489 dictus
925 2418 1154 2490 abbas
1185 2416 1440 2490 Sancti
1471 2414 1883 2491 Salvatoris
1914 2414 2347 2492 infirmitate
2378 2440 2535 2492 cor·

344 2527 605 2614 reptus
645 2517 842 2591 obiit.
923 2517 1497 2591 Panormitanus
1538 2518 2187 2618 archiepiscopus,
2245 2519 2536 2619 episco-

345 2643 487 2716 pus
540 2618 903 2715 ReginuS,
955 2617 1178 2690 iudex
1215 2617 1561 2692 Taddeus
1600 2622 1693 2692 de
1730 2620 2019 2694 Suessa
2059 2632 2134 2694 et
2172 2621 2538 2719 magister

344 2717 768 2815 Roggeiius
808 2718 1300 2791 Porcastrella
1340 2722 1432 2792 de
1463 2719 1520 2791 L
1527 2721 1908 2794 ombardia
1948 2725 2039 2794 ab
2077 2721 2534 2819 imperatore

345 2821 434 2892 ad
488 2843 765 2917 papam
814 2829 993 2916 aput
1043 2820 1462 2933 Anagnia-m
1515 2820 1753 2892 nuntii
1807 2821 2118 2894 veniunt
2171 2846 2308 2919 pro
2345 2845 2535 2919 pace

343 2919 542 2992 inter
578 2919 980 2994 ecclesiam
1022 2929 1096 2992 et
1131 2919 1532 3018 imperium
1584 2919 2099 3017 reformanda3
2153 2946 2325 2994 cum
2379 2923 2535 3020 qui—

343 3024 481 3094 bus
534 3044 670 3119 pro
729 3031 940 3119 parte
996 3021 1320 3094 ecclesie
1356 3021 1878 3094 Messanensis
1917 2977 2532 3122 archiepiscopus

344 3124 433 3193 ad
471 3122 1008 3221 imperatorem
1047 3121 1388 3219 dirigitur
1421 3123 1888 3221 responsalis
1928 3147 1969 3195 a
2008 3147 2226 3223 papa

491 3240 853 3337 Magister
882 3243 1150 3312 domus
1183 3241 1641 3314 Alamannm
1646 3267 1772 3314 um
1800 3242 2197 3316 Salernum
2239 3267 2324 3316 se
2363 3267 2535 3315 con-

344 3340 488 3411 fert
523 3363 658 3437 pro
699 3341 1018 3412 sanitate
1057 3345 1597 3438 recuperanda.

493 3458 758 3531 Mense
779 3457 1248 3556 Septembris
1280 3458 1713 3557 imperatrix
1742 3463 1833 3535 de
1853 3459 2300 3545 Lombardia
2330 3460 2535 3536 venit

341 3559 417 3633 in
473 3583 820 3673 regnum,
877 3569 952 3631 et
1000 3569 1183 3656 aput
1213 3559 1520 3688 Adriam
1559 3561 1821 3660 eligit
1801 3587 2015 3638 iussu
2052 3561 2530 3661 imperatoris

339 3662 592 3734 facere
631 3660 1057 3734 stationem.

432 3786 756 3860 -Mense
786 3785 1130 3860 Octobris
1160 3786 1572 3883 Gregorius
1612 3811 1807 3886 papa
1844 3789 1939 3860 de
1964 3787 2307 3884 Anagnia
2338 3787 2530 3860 redit

342 3889 433 3959 ad
471 3887 776 3982 Urbem,
815 3887 937 3960 ubi
974 3886 1148 3958 novi
1187 3887 1567 3961 constituti
1608 3897 1786 3961 sunt
1820 3898 2243 3984 senatores,
2288 3887 2532 3962 silicet

340 3987 716 4062 lohannes
755 3989 848 4060 de
885 3987 1063 4081 Poly
1101 3997 1177 4059 et
1212 4041 1562 4063 ........
1624 3988 2067 4087 Imperator7
2124 3999 2415 4062 vastata
2453 3990 2526 4062 in

342 4089 832 4162 exterioribus
868 4087 1164 4185 Brexia7
1207 4091 1299 4160 ab
1339 4088 1500 4162 eius
1540 4088 1927 4162 obsidione
1964 4090 2267 4163 recedit.
2341 4089 2530 4162 Con·

341 4191 564 4262 radus
614 4188 812 4262 filius
869 4189 1032 4262 eius
1088 4189 1160 4260 in
1212 4189 1737 4263 Alamanniam
1790 4190 2020 4287 redit2
2090 4201 2167 4263 et
2226 4190 2525 4265 licentia

339 4290 511 4362 data
549 4301 668 4363 est
701 4289 1050 4364 omnibus
1087 4289 1162 4361 in
1203 4290 1500 4388 propria
1539 4290 2001 4386 revertendi3
2052 4290 2218 4389 ipse
2268 4303 2523 4366 tamen
