3050 4900
1244 479 1320 552 A.
1383 481 1599 552 1214.
2427 479 2523 554 35

332 679 808 772 Damascum,
864 686 1196 751 sanctam
1235 677 1671 752 Hierusalem
1717 685 1783 750 et
1818 685 2043 750 totam
2082 685 2353 751 terram
2394 701 2526 775 que

333 785 470 868 fuit
505 779 1086 872 christianorum,
1114 785 1362 874 preter
1395 779 1752 851 modicam
1784 802 2000 874 quam
2034 779 2269 852 adhuc
2296 785 2534 852 tenent

336 882 730 971 christiani,
767 889 944 975 que⁸
978 885 1145 952 sunt
1177 882 1358 952 inter
1393 880 1711 952 civitates
1736 882 2159 952 munitiones
2188 887 2257 952 et
2278 887 2529 953 eastra

333 982 494 1077 plus
549 980 658 1052 de.
684 983 1030 1052 trecentis.
1122 981 1388 1052 Tertius
1421 980 1607 1068 lilius
1644 986 1747 1052 est
1783 984 2063 1052 nomine
2103 981 2531 1075 ΜεΙΙεαῘαῃε,

340 1082 416 1154 id
451 1088 558 1154 est
589 1079 918 1175 mandis,
969 1083 1088 1176 qui
1123 1087 1305 1152 tenet
1339 1088 1607 1152 terram
1646 1104 1779 1176 que
1814 1081 2073 1153 dicitur
2108 1081 2195 1154 de
2230 1080 2534 1154 Iamella

345 1205 504 1255 cum
545 1188 698 1254 tota
739 1180 888 1252 alia
923 1183 1319 1274 provincia,
1375 1203 1506 1274 que
1542 1188 1708 1253 sunt
1740 1183 1923 1253 inter
1956 1184 2379 1254 munitiones
2414 1179 2535 1254 vil-

341 1284 456 1355 las
493 1289 560 1353 et
593 1287 840 1352 castra
876 1281 1038 1375 plus
1075 1281 1161 1353 de
1197 1282 1758 1376 quadrinqentis.
1862 1281 2179 1370 Quartus
2212 1281 2395 1370 filius
2432 1287 2540 1354 est

341 1385 624 1455 nomine
663 1380 1175 1474 Melkemoda'n,
1213 1381 1290 1453 id
1324 1390 1432 1453 est
1461 1405 1772 1475 maynus
1810 1382 2161 1476 dominus,
2200 1385 2321 1478 qui
2356 1387 2545 1455 tenet

347 1507 644 1579 reqnum
681 1481 950 1554 Doasie
985 1506 1144 1554 cum
1183 1485 1379 1554 omni
1409 1488 1781 1576 potentatu
1818 1505 1973 1576 suo,
2010 1507 2145 1580 que
2178 1491 2349 1556 sunt
2376 1482 2539 1578 plus

350 1585 438 1656 de
491 1582 1032 1678 quadrinyentis
1077 1584 1258 1654 inter
1309 1583 1630 1654 civitates
1682 1585 2105 1656 munitiones
2152 1590 2220 1655 et
2268 1589 2539 1656 castra.

351 1684 649 1771 Quintus
697 1682 883 1769 filius
932 1688 1038 1754 est
1079 1684 1360 1754 nomine
1395 1679 1977 1778 Melkisalaphat,
2030 1686 2149 1780 qui
2182 1689 2445 1779 reynat
2475 1688 2545 1756 et

347 1789 533 1856 tenet
577 1789 846 1856 terram
900 1782 986 1854 de
1036 1782 1294 1874 Sarco,
1348 1783 1469 1856 ubi
1515 1785 1655 1868 fuit
1704 1786 1983 1857 occisus
2016 1781 2190 1856 Abel
2241 1808 2290 1855 a
2341 1785 2539 1877 Cayn

349 1887 584 1970 fratre
618 1906 774 1976 suo,
830 1885 1086 1978 inquo
1126 1907 1346 1979 reqno
1379 1891 1551 1956 sunt
1582 1887 1975 1979 octinyente
2009 1887 2192 1956 inter
2224 1886 2545 1956 civitates

351 1985 770 2056 munitiones
823 1991 893 2055 et
941 1989 1194 2056 castra
1243 1983 1488 2077 plana.
1594 1983 1855 2057 Sextus
1888 1985 2073 2072 filius
2108 1992 2216 2058 est
2248 1983 2545 2056 Macho-

353 2089 612 2176 metus,
683 2085 802 2178 qui
849 2089 1034 2155 tenet
1083 2107 1378 2177 reqnum
1431 2083 1519 2156 de
1573 2084 1940 2176 Romae-‚It
2006 2086 2126 2156 ubi
2186 2091 2291 2158 est
2346 2111 2439 2198 pa
2448 2109 2546 2256 pa

354 2183 1416 2290 SarmoenomQQ
1417 2187 1563 2278 qui
1610 2185 1865 2257 colitur
1918 2187 2201 2257 timetur
2252 2191 2415 2257 eta

357 2273 569 2356 natur
603 2257 974 2378 tamquam
1012 2283 1386 2356 Romanus
1429 2286 1753 2400 pontifex
1800 2288 1870 2357 in
1921 2286 2070 2381 leye
2106 2309 2375 2380 eorum,
2430 2287 2549 2380 qui

353 2407 497 2457 non
545 2388 778 2479 potest
820 2384 1042 2455 videri
1087 2385 1226 2456 nisi
1269 2385 1378 2458 bis
1425 2386 1496 2457 in
1547 2409 1804 2481 mense,
1860 2386 2153 2483 quando
2204 2409 2361 2460 cum
2399 2387 2549 2459 suis

359 2484 560 2557 vadit
605 2483 708 2557 ad
741 2484 1149 2580 Maqomettz
1187 2484 1392 2557 deum
1433 2485 2037 2581 Sarracenorum‚
2090 2496 2161 2559 et
2208 2488 2547 2560 inclinato

360 2587 591 2679 capite
643 2591 712 2656 et
755 2588 1084 2657 oratione
1129 2588 1336 2670 facta
1381 2610 1512 2659 suo
1552 2610 1749 2661 more
1786 2588 2293 2681 Sarracenico,
2348 2592 2549 2661 ante-

363 2708 580 2781 quam
634 2685 964 2778 templum
1017 2693 1292 2779 exeant,
1347 2687 1711 2781 splendide
1758 2690 2138 2762 comedunt
2184 2695 2253 2761 et
2285 2690 2549 2781 bibunt,

365 2792 434 2857 et
479 2788 584 2858 sic
632 2792 1028 2857 coronatus
1065 2789 1435 2859 revertitur
1468 2790 1541 2859 in
1578 2788 1868 2861 domum
1904 2812 2115 2860 suam
2154 2813 2311 2862 cum
2348 2794 2553 2883 qente

364 2910 522 2957 sua.
577 2885 733 2957 ‘Iste
759 2886 936 2957 deus
963 2885 1377 2981 Mayometh
1411 2889 1743 2959 visitatur
1778 2886 2033 2964 cotidie
2070 2896 2140 2959 et
2172 2888 2552 2978 adoratur,

365 2989 548 3058 sicut
580 2988 909 3057 visitatur
945 2993 1014 3057 et
1045 2987 1404 3059 adoratur
1428 2988 1781 3061 Dominus
1806 2992 2187 3079 crucifixus
2216 3013 2263 3061 a
2284 2988 2553 3084 populo

365 3086 774 3159 christiano.
837 3087 920 3158 In
955 3089 1095 3159 ista
1125 3090 1406 3159 civitate
1435 3089 1768 3163 Baldach
1794 3097 1905 3163 est
1922 3114 2125 3184 papa
2156 3089 2516 3185 Caliphius
2528 3116 2557 3181 ,·

371 3189 622 3259 civitas
667 3189 806 3259 ista
858 3194 1076 3281 caput
1111 3194 1214 3259 est
1248 3192 1464 3261 totius
1498 3190 1673 3285 leqis
1706 3188 2228 3285 Ayarenorum.
2334 3190 2558 3283 Septi-

373 3310 529 3357 mus
564 3287 748 3373 tilius
783 3295 886 3359 est
921 3290 1204 3359 nomine
1238 3288 1619 3383 Salaphat.
1687 3292 1825 3364 Hic
1861 3315 2003 3363 non
2038 3291 2257 3363 habet
2287 3292 2560 3383 specia-

374 3387 506 3459 lem
557 3394 848 3473 terram‚
903 3394 1010 3459 set
1051 3412 1328 3497 semper
1377 3398 1481 3462 est
1526 3416 1686 3463 cum
1718 3397 1931 3486 patre
1966 3416 2098 3465 suo
2136 3390 2559 3487 Septiedino.

370 3487 510 3559 Iste
541 3494 789 3581 portat
825 3464 1146 3559 vexillum
1185 3513 1434 3561 coram
1468 3499 1680 3585 patre
1726 3516 1881 3585 suo,
1936 3492 2227 3589 quando
2273 3493 2563 3588 equitat.

375 3588 504 3660 Cui
538 3590 1014 3684 unusquisque
1047 3593 1360 3675 fratrum
1400 3593 1694 3687 sinyulis
1728 3596 1940 3665 annis
1962 3618 2099 3687 pro
2128 3600 2321 3664 certo
2348 3614 2564 3664 censu

379 3688 748 3782 diynitatis
806 3714 932 3761 sue
993 3694 1409 3763 transmittit
1470 3693 1655 3765 mille
1700 3700 2218 3766 sarracenatos
2268 3698 2337 3763 et
2383 3690 2565 3763 duos

381 3787 792 3861 deoetrarios
842 3790 1012 3862 bene
1056 3799 1390 3885 paratos.
1480 3793 1919 3887 Sephedinus
1968 3791 2260 3888 quando
2299 3793 2568 3883 equitat

378 3896 650 3961 terram
705 3894 770 3961 ei
821 3893 1063 3963 visitat
1106 3892 1290 3979 filios
1337 3916 1506 3965 suos
1556 3893 1969 3988 prephatos,
2022 3892 2282 3964 incedit
2331 3891 2565 3965 velato

381 3990 612 4082 capite
650 3990 735 4061 de
773 4014 914 4062 uno
951 3996 1262 4063 examito
1301 3994 1537 4065 rubeo.
1626 3995 1755 4067 Cui
1788 4018 2031 4067 omnes
2064 3992 2190 4080 filii
2224 3991 2570 4065 inclinant

385 4096 639 4183 quater
675 4087 778 4162 ad
813 4098 1108 4185 terram,
1146 4100 1213 4164 et
1239 4100 1493 4166 exeunt
1517 4097 1582 4165 ei
1608 4096 1887 4167 obviam
1910 4118 2047 4189 per
2071 4116 2197 4165 sex
2224 4092 2566 4185 miliaria,

382 4247 431 4317 a)
469 4252 544 4303 ita
581 4251 782 4317 codem,
853 4252 1084 4305 ciiclcet
1109 4252 1212 4303 viat
1215 4262 1296 4305 tes
1335 4258 1432 4307 etc.
1509 4254 1625 4309 Non
1666 4259 1835 4307 autem
1873 4252 1981 4323 qui,
2022 4257 2080 4307 ut
2114 4258 2411 4309 anteriores
2450 4256 2572 4307 edi-

383 4326 526 4374 tores
565 4324 836 4392 dederunt,
876 4326 1074 4378 scilicet
1112 4324 1253 4378 chris
1255 4325 1326 4379 tia
