3050 4900
483 413 626 485 128
877 406 1446 482 RYCCARDUS
1499 406 1625 481 DE
1678 406 1753 481 S.
1808 406 2271 480 GERMANO

479 610 812 683 ferentes
852 618 1276 684 statuerunt
1311 606 1613 703 ibidem,
1640 606 1970 721 qualiter
2004 630 2227 679 rocca
2253 605 2411 679 lani
2440 630 2674 703 super

479 710 842 785 Sanctum
881 708 1346 785 Germanum
1385 707 1654 781 muniri
1694 706 2019 780 turribus
2058 718 2137 780 et
2174 707 2410 781 muris
2450 710 2671 781 debe·

479 822 615 883 ret.
700 811 812 883 Ad
851 813 1047 907 quod
1086 808 1514 883 faciendum
1552 810 1875 907 quatuor
1908 808 2305 905 elegerunt
2340 811 2433 881 de
2470 818 2669 881 terra

481 911 738 985 Sancti
791 909 1216 1024 Benedicti,
1283 910 1406 1009 qui
1461 910 1814 983 homines
1870 908 2269 1007 deputatos
2324 912 2414 982 ad
2479 932 2671 1006 opus

481 1036 703 1085 rocce
739 1011 978 1109 ipsius
1017 1011 1414 1107 assignare
1455 1010 1614 1084 suis
1648 1010 1980 1083 vicibus·
2016 1012 2292 1083 domno
2331 1009 2673 1107 Philippo

483 1116 575 1186 de
607 1113 804 1188 Citro
843 1115 1208 1185 deberent
1233 1112 1748 1185 comestabulo
1778 1112 2065 1209 Capue,
2104 1110 2467 1207 magistro
2496 1134 2673 1207 ope

484 1214 588 1287 ris
619 1236 839 1285 rocce
870 1236 958 1310 pl
963 1212 1230 1308 edicte,
1269 1222 1348 1285 et
1371 1222 1488 1283 ter
1513 1212 1590 1284 in
1618 1211 1784 1285 die
1765 1236 1975 1325 ipcos
2002 1212 2389 1309 requirere
2416 1234 2675 1308 quem-

481 1314 662 1387 libet
708 1312 1240 1411 predictorum,
1295 1335 1613 1409 quorum
1660 1312 1969 1385 nomina
2020 1313 2168 1385 hec
2212 1322 2427 1385 sunt:
2492 1312 2674 1383 Tac-

490 1438 723 1487 conus
758 1413 976 1485 miles
1013 1417 1106 1487 de
1141 1413 1637 1507 Pontecurvo,
1674 1413 2105 1507 Raynaldus
2138 1412 2547 1509 Belegrimi
2584 1413 2677 1484 de

487 1515 764 1589 Sancto
805 1513 1066 1610 Helya,
1118 1512 1545 1610 Roggerius
1596 1516 1690 1586 de
1725 1514 2193 1587 Landenulfo
2250 1524 2325 1585 et
2360 1512 2678 1607 Raynal-

487 1619 628 1689 dus
683 1616 776 1686 de
832 1616 1151 1688 Paterno
1208 1617 1300 1687 de
1355 1614 1635 1688 Sancto
1690 1614 2095 1687 Germano.
2196 1614 2287 1685 Et
2343 1624 2422 1685 ut
2457 1636 2677 1685 rocca

487 1718 654 1814 ipsa
709 1715 925 1788 citius
985 1714 1434 1812 muniretur,
1498 1740 1639 1813 per
1688 1715 1901 1813 ipsos
1950 1714 2295 1787 dominos
2352 1715 2427 1786 in
2475 1724 2677 1786 terra

487 1818 842 1889 Fundana
895 1826 1102 1887 certa
1155 1816 1473 1912 singulis
1513 1816 1904 1890 mensibus
1940 1816 2263 1913 pecunie
2302 1814 2681 1911 quantitas

491 1928 608 1991 est
645 1926 962 2011 statuta,
1001 1926 1076 1987 et
1114 1919 1420 1989 demum
1457 1940 1545 1991 se
1584 1928 1769 2014 aput
1792 1916 2201 2015 Melphiam
2231 1916 2305 1987 in
2336 1916 2679 2013 Apuliam

491 2018 986 2089 contulerunt.

639 2120 922 2191 Eodem
955 2140 1220 2189 mense
1241 2115 1426 2188 Iunii
1458 2118 1551 2189 de
1572 2116 1911 2189 felicibus
1932 2116 2411 2215 imperatoris
2434 2114 2685 2211 auspi-

495 2217 626 2290 ciis
664 2218 912 2290 littere
952 2227 1326 2289 venerunt
1358 2216 1432 2287 in
1471 2241 1820 2313 regnum,
1860 2220 2233 2315 quomodo
2273 2218 2471 2314 apud
2500 2216 2687 2289 Sibi-

493 2321 752 2391 datum
771 2343 812 2391 a
839 2317 1294 2416 principibus
1315 2317 1609 2415 imperii
1632 2342 1909 2414 magno
1924 2318 2171 2393 fuerat
2196 2340 2369 2390 cum
2400 2318 2687 2389 honore

499 2431 870 2516 receptus.
965 2419 1136 2516 Ipso
1190 2442 1456 2492 mense
1507 2418 1710 2490 nullo
1761 2422 2109 2493 obstante
2160 2418 2685 2492 Alamanniam

497 2522 812 2612 intrans,
849 2519 1253 2591 Henricum
1294 2542 1559 2616 regem
1596 2519 1833 2592 filium
1868 2544 2093 2594 suum
2120 2523 2566 2594 redeuntem
2596 2520 2688 2590 ad

501 2622 938 2692 mandatum
975 2643 1199 2692 suum
1237 2619 1560 2717 recepit,
1604 2644 1827 2718 quem
1866 2621 2033 2693 duci
2068 2619 2405 2694 Bawarie
2444 2629 2691 2693 custo-

500 2721 850 2793 diendum
907 2721 1302 2794 commisit.
1397 2720 1783 2818 Philippus
1838 2723 1928 2794 de
1980 2723 2183 2796 Citro
2234 2731 2535 2794 amotus
2576 2730 2694 2792 est

503 2847 546 2894 a
585 2822 1034 2918 magistratu
1073 2821 1324 2919 operis
1364 2845 1585 2894 rocce
1623 2822 2024 2918 Ianule,.et
2057 2823 2379 2896 Iacobus
2418 2823 2510 2895 de
2538 2821 2691 2894 Mo·

501 2923 652 2996 lino
695 2924 1140 2996 substitutus
1181 2933 1298 2995 est
1330 2921 1456 2994 illi.

659 3025 924 3097 Mense
971 3023 1132 3094 Iulii
1181 3023 1595 3119 imperator
1647 3020 1879 3094 filiam
1936 3023 2141 3120 regis
2176 3023 2447 3120 Anglie
2492 3021 2699 3096 duxit

507 3146 848 3268 uxorem,
887 3147 1114 3221 quam
1151 3126 1346 3220 apud
1378 3122 1909 3196 Guarmaciam
1948 3123 2351 3222 magnifice
2378 3128 2697 3223 despon-

509 3234 704 3296 savit
753 3281 767 3294 .

1459 3382 1733 3476 1236.

663 3536 928 3608 Mense
967 3537 1284 3608 Ianuarii
1323 3537 1735 3636 imperator
1768 3539 1933 3637 ipse
1968 3537 2203 3611 filium
2244 3562 2465 3613 suum
2502 3539 2701 3612 Hen-

513 3635 751 3709 ricum
784 3641 922 3710 sub
945 3635 1088 3710 fida
1115 3639 1452 3714 custodia
1475 3664 1614 3738 per
1632 3641 2145 3713 marchionem
2165 3641 2465 3714 Lancee
2480 3637 2705 3712 mittit

513 3739 590 3809 in
630 3761 977 3834 regnum,
1017 3749 1090 3811 et
1126 3739 1198 3811 in
1229 3741 1550 3838 Apulia
1532 3766 1605 3812 m
1644 3764 1866 3812 rocca
1904 3765 2051 3839 que
2088 3741 2355 3814 dicitur
2380 3741 2701 3814 Sanctus

515 3838 717 3910 Felix
757 3842 1176 3913 servandus
1224 3841 1559 3914 traditur.
1664 3841 1823 3914 Hoc
1872 3865 2067 3914 anno
2118 3841 2331 3916 iussu
2385 3842 2707 3940 impera-

515 3939 700 4012 toris
727 3939 1124 4014 Brundusii
1163 3941 1334 4013 novi
1371 3941 1803 4038 imperiales
1842 3946 2239 4040 cuduntur,
2292 3953 2368 4015 et
2403 3951 2706 4016 veteres

521 4111 810 4176 a)v1·iubus
847 4112 898 4161 2.
1013 4115 1065 4184 b)
1103 4118 1158 4168 in
1193 4113 1297 4182 fine
1335 4115 1485 4168 liuius
1523 4117 1669 4182 anni,
1707 4117 1805 4168 sed
1841 4131 2000 4170 evasa
2032 4114 2178 4184 sorta
2180 4129 2268 4168 sse
2307 4132 2341 4166 a
2371 4116 2547 4169 scriba
2576 4118 2709 4182 ι’ρεο,

522 4131 658 4237 haec!
683 4186 921 4252 leqmotnr
952 4189 1144 4240 verba:
1175 4183 1382 4238 Eodem
1418 4205 1600 4240 mense
1626 4157 1921 4240 L’andulsus
1947 4186 2254 4241 Casinensis
2287 4188 2453 4240 abbas
2488 4187 2541 4239 in
2576 4187 2711 4240 sesto

524 4267 828 4309 sam-torum
870 4255 1079 4310 Nazarii
1122 4269 1176 4311 et
1218 4298 1230 4310 .
1256 4299 1268 4311 .
1293 4299 1304 4310 .
1333 4299 1345 4310 .
1373 4298 1416 4320 .,
1471 4263 1611 4330 qnod
1652 4268 1839 4329 postea
1878 4263 1949 4314 ad
1986 4276 2181 4314 annum
2224 4259 2381 4314 1236.
2422 4264 2712 4315 enarravit.
