3050 4900
529 445 666 519 146
921 440 1486 547 RYCCARDUS
1542 441 1664 515 DE
1718 440 1791 513 S.
1848 440 2308 513 GERMANO

518 643 745 715 salvis
808 642 1154 740 personis
1221 652 1290 713 et
1357 645 1583 715 rebus
1654 640 2045 712 hominum
2120 640 2437 711 civitatis
2514 638 2707 713 eius-

517 747 716 838 dem,
758 743 830 813 in
871 768 1017 841 qua
1056 752 1321 841 postea
1358 742 1771 840 imperator
1806 743 1971 838 ipse
2008 738 2170 813 fieri
2208 739 2705 813 munitionem

518 846 1006 916 mandat..

665 944 932 1017 Mense
980 943 1202 1016 Madii
1259 943 1328 1014 in
1385 943 1577 1014 festo
1634 940 2086 1015 inventionis
2145 950 2405 1013 sancte
2461 940 2703 1012 crucis

514 1044 734 1141 galee
785 1043 1216 1143 imperiales
1261 1068 1432 1119 cum
1471 1043 1713 1139 galeis
1751 1042 2234 1114 lanuensium
2274 1038 2707 1113 conflictum

512 1145 910 1242 habenteS,
966 1144 1363 1216 nonnullos
1410 1143 1741 1241 prelatos
1781 1143 2288 1215 occidentales
2329 1142 2453 1239 qui
2492 1154 2706 1215 erant

512 1245 584 1317 in
639 1244 775 1340 eis,
833 1246 1082 1318 habita
1132 1244 1438 1317 victoria
1464 1248 1571 1317 de
1609 1243 2129 1338 lanuensibus,
2184 1253 2572 1340 ceperunt,
2628 1250 2705 1314 et

512 1348 883 1418 duxerunt
931 1347 1128 1443 apud
1174 1344 1388 1417 Pisas
1446 1344 1781 1443 captivos
1838 1368 2012 1415 cum
2064 1347 2349 1423 duobus
2401 1343 2702 1438 legatiS,

510 1445 952 1519 Prenestino
986 1446 1275 1519 scilicet
1301 1445 1657 1543 episcopo
1690 1454 1767 1517 et
1794 1444 2105 1517 Oddone
2136 1443 2389 1517 Sancti
2418 1444 2698 1515 Nicolai

511 1546 585 1617 in
639 1548 960 1621 Carcere
1016 1545 1352 1619 Tulliano
1408 1546 1722 1618 diacono
1776 1544 2165 1641 cardinali,
2234 1547 2325 1617 de
2380 1569 2698 1640 quorum

512 1650 863 1721 mandato
915 1648 1316 1721 veniebant
1365 1650 1455 1719 ad
1509 1670 1808 1744 papam.
1914 1647 2115 1718 [nter
2170 1669 2359 1743 quos
2403 1646 2700 1717 fuerunt

510 1748 1035 1823 Cisterciensis
1077 1760 1149 1820 et
1187 1746 1765 1821 Clarevallensis
1806 1750 2147 1841 abbates,
2193 1770 2333 1818 nec
2373 1770 2521 1816 non
2557 1746 2699 1818 Ro-

508 1848 1034 1945 thomagensis
1100 1848 1753 1945 archiepiscopus.
1838 1858 1911 1917 et
1969 1847 2092 1918 alii
2159 1870 2346 1943 quos
2410 1846 2695 1942 ignom.

510 1948 618 2020 De
674 1949 912 2045 galeis
973 1972 1270 2045 quoque
1325 1948 1807 2019 lanuensium
1861 1957 2079 2043 capte
2131 1958 2306 2019 sunt
2346 1948 2531 2018 ultra
2575 1950 2696 2039 20,

511 2059 585 2121 et
637 2048 967 2120 nonnulli
1021 2048 1561 2121 Ianuensium
1544 2074 1616 2119 in
1659 2048 1798 2161 eiS,
1852 2057 1925 2119 et-
1962 2072 2187 2145 quam
2227 2050 2483 2144 plures
2524 2057 2696 2119 sunt

510 2161 779 2247 sponte
803 2154 893 2222 ob
919 2160 1165 2222 metus
1190 2173 1499 2221 causam
1521 2148 1801 2221 inmari
1833 2148 2237 2220 submersi·
2220 2148 2393 2245 ,qui
2426 2172 2691 2220 omnes

507 2262 799 2348 postea,
839 2250 1320 2364 imperatore·
1336 2253 1765 2344 mandante,
1802 2259 1956 2319 tam
1992 2248 2257 2346 prelati
2287 2273 2515 2344 quam
2547 2248 2694 2342 alii,

508 2375 678 2423 cum
732 2351 1001 2447 legatis
1053 2350 1240 2448 ipsis
1302 2350 1376 2421 in
1441 2374 1760 2446 regnum
1826 2352 2020 2446 apud
2082 2349 2496 2445 Neapolym
2560 2373 2695 2446 per

506 2477 718 2524 mare
757 2453 829 2523 in
872 2453 1296 2550 captionem
1335 2453 1533 2523 ducti
1587 2461 1786 2545 sunt,
1844 2462 1917 2523 et
1965 2451 2038 2522 in
2093 2451 2505 2524 custodiam
2559 2475 2694 2548 per

503 2552 719 2649 regni
775 2553 1086 2626 castella
1137 2551 1591 2624 transmissi.
1697 2552 1967 2624 Milites
2033 2562 2107 2623 et
2163 2551 2451 2650 pedites
2510 2575 2692 2622 non-

505 2652 685 2723 nulli
747 2655 944 2750 apud
993 2651 1369 2750 Aquinum
1435 2663 1510 2724 et
1564 2655 1758 2749 apud
1813 2652 2173 2726 Sanctum
2226 2653 2689 2724 Germanum

506 2753 961 2827 conveniunt
997 2757 1088 2827 ad
1127 2753 1338 2850 regni
1383 2755 1822 2826 custodiam.

649 2854 914 2927 Mense
966 2854 1151 2926 lunii
1207 2854 1472 2952 prelati
1526 2858 1619 2928 de
1673 2877 1910 2950 regno
1964 2854 2209 2926 vocati
2265 2858 2355 2926 ab
2394 2855 2691 2925 Andrea

502 2957 592 3026 de
624 2955 871 3029 Cicala
904 2954 1296 3054 capitaneo
1330 2966 1403 3028 et
1436 2955 1796 3051 magistro
1827 2954 2245 3048 iustitiario,
2282 2957 2480 3051 apud
2510 2953 2690 3025 Mel—

499 3054 756 3152 phiam
788 3059 876 3128 ad
911 3081 1082 3128 eum
1117 3059 1426 3150 vadunt3
1457 3082 1499 3127 a
1531 3055 1797 3152 quibus
1826 3055 2163 3128 thesauri
2194 3054 2689 3128 ecclesiarum

502 3178 835 3250 suarum,
870 3166 1026 3228 tam
1064 3157 1136 3227 in
1178 3180 1387 3251 aur0,
1425 3166 1767 3252 argento,
1806 3181 2031 3254 quam
2061 3157 2395 3228 vestibus
2426 3155 2688 3228 sericis

503 3265 578 3328 et
624 3256 991 3354 lapidibus
1047 3255 1435 3355 pretiosiS,
1507 3257 1581 3327 in
1640 3261 2112 3330 commodato
2165 3281 2297 3355 pro
2350 3256 2685 3355 principe

502 3356 921 3452 exiguntur.
2301 3399 2303 3406 =

648 3457 1068 3554 Imperator
1127 3457 1524 3532 discedens
1590 3483 1634 3530 a
1694 3458 2051 3530 Faventia
2114 3458 2321 3531 venit
2374 3459 2685 3551 Fanum,

499 3580 752 3653 quam,
785 3557 1337 3656 'circumposita
1395 3559 1807 3654 obsidione,
1864 3583 2037 3630 cum
2070 3558 2379 3632 flectere
2418 3560 2511 3630 ad
2550 3581 2685 3629 sua

496 3668 671 3730 vota
711 3683 858 3730 non
899 3671 1186 3757 posset,
1225 3661 1298 3732 in
1337 3659 1829 3732 exterioribus
1868 3671 2142 3756 vastat,
2180 3671 2255 3733 et
2285 3660 2683 3732 discedens

496 3757 668 3831 inde
698 3759 900 3832 vadit
918 3761 1337 3874 Spoletum,
1369 3764 1560 3857 quod
1584 3759 1953 3857 recipitad
1978 3763 2413 3834 mandatum
2440 3783 2682 3833 suum

488 3850 766 3932 ‘Ascisii
805 3861 1180 3934 civitatem
1222 3861 1359 3934 sibi
1396 3861 1849 3934 renitentem
1889 3861 2232 3934 similiter
2268 3870 2518 3933 vastat
2562 3884 2685 3931 ex-

495 3961 750 4032 terius,

645 4063 927 4134 Eodem
970 4085 1236 4134 mense
1275 4063 1475 4134 fama
1516 4065 1609 4134 de
1648 4063 1976 4135 Tartaris
2016 4066 2106 4136 ad
2144 4063 2685 4174 imperatorem

495 4163 866 4258 pervenit,
921 4165 1115 4259 quod
1168 4161 1318 4233 iam
1365 4162 1656 4236 devicto
1697 4186 1879 4258 rege
1917 4163 2246 4261 Ungarie
2298 4172 2560 4235 essent
2608 4161 2683 4231 in

499 4261 776 4334 foribus
814 4261 1283 4359 Alamannia,
1341 4274 1414 4334 et
1466 4265 1610 4335 hoc
1664 4261 1828 4360 ipse
1865 4289 1998 4336 rex
2035 4263 2363 4360 Ungaiie
2404 4259 2684 4358 signifi
