3050 4900
488 474 630 548 160
868 470 1435 547 RYCCARDUS
1487 473 1612 546 DE
1666 472 1741 547 S.
1797 472 2277 547 GERMANO.

481 681 544 734 et
610 680 771 733 terra
828 671 1208 744 durabilius,
1269 680 1332 734 et
1393 671 1481 733 nil
1550 673 1609 732 in
1670 690 1879 747 rerum
1928 681 2151 733 natura
2198 678 2323 733 tam
2372 673 2671 735 velociter

483 770 684 839 quam·
717 774 927 817 sermo
973 756 1209 820 transit.
1278 756 1487 817 Verba
1534 757 1669 817 eius
1715 776 2049 852 quousque
2092 754 2461 835 imperfecta
2508 764 2670 827 sunt,

483 842 674 903 verba
721 860 847 901 non
895 845 1057 913 sunt,
1100 859 1238 901 cum
1285 858 1440 901 vero
1473 840 1751 919 perfecta
1803 840 2048 911 fuerunt,
2096 838 2355 901 omnino
2385 839 2509 900 iam
2545 858 2667 900 non

482 930 652 1003 sunt,
725 923 870 1005 quia
939 941 1055 983 nee
1119 921 1336 1003 perfici
1391 922 1508 983 nisi
1566 922 1951 985 transeundo
2010 930 2306 1001 possunt3
2375 922 2460 983 ait
2517 941 2669 1002 ergo

483 1007 726 1068 coelum
774 1017 834 1068 et
879 1015 1039 1068 terra
1089 1006 1456 1081 transibunt,
1495 1008 1684 1069 verba
1731 1014 1937 1067 autem
1986 1024 2127 1067 mea
2171 1024 2301 1067 non
2345 1007 2669 1077 transient,

483 1110 559 1152 ac
601 1090 652 1151 si
697 1096 914 1171 aperte
962 1089 1156 1150 dicat:
1218 1108 1406 1151 omne
1453 1090 1622 1170 quod
1670 1090 1838 1169 apud
1886 1108 2000 1151 vos
2046 1088 2332 1157 durabile
2378 1098 2490 1164 est,
2534 1090 2669 1150 sine

481 1174 827 1235 mutatione
874 1172 1156 1234 durabile
1203 1174 1280 1233 ad
1331 1174 1763 1234 aeternitatem
1810 1191 1937 1233 non
1986 1178 2111 1247 est,
2159 1179 2220 1233 et
2264 1192 2455 1233 omne
2498 1172 2667 1254 quod

483 1257 650 1339 a‘pud
705 1276 804 1318 me
867 1256 1128 1318 transire
1186 1256 1491 1330 cernitur,
1549 1256 1741 1315 fixum
1800 1264 1863 1317 et
1908 1254 2043 1317 sine
2088 1257 2349 1317 transitu
2398 1262 2667 1332 tenetur,

482 1342 628 1422 quia
689 1339 824 1400 sine
878 1338 1324 1415 mutabilitate3
1381 1348 1703 1400 manentes
1759 1340 2098 1400 sententias
2156 1356 2230 1401 ex
2281 1339 2449 1399 rimit
2492 1357 2668 1399 meus

479 1441 692 1485 sermo
739 1422 846 1503 qui
893 1423 1130 1498 transit,
1177 1422 1357 1483 sicin
1399 1423 1719 1483 iuventute
1751 1421 1914 1501 viget
1958 1439 2182 1502 corpus
2226 1358 2411 1497 ign-te,
2458 1429 2516 1482 et
2561 1421 2669 1481 in-

481 1506 732 1568 colume
775 1513 989 1567 manet
1034 1513 1270 1587 pectuS,
1316 1513 1528 1567 torosa
1575 1504 1804 1579 cervix,
1850 1505 2034 1584 plena
2080 1511 2227 1566 sunt
2270 1504 2560 1581 brachia;
2605 1506 2666 1565 in

482 1590 665 1651 annis
711 1598 918 1651 autem
965 1588 1264 1651 senilibus
1309 1596 1543 1651 statura
1589 1597 1910 1661 curvatur,
1966 1588 2171 1651 cervix
2227 1588 2502 1650 exiccata
2549 1589 2669 1647 de-

481 1672 754 1752 ponitur,
796 1673 1233 1754 frequentibus
1277 1672 1560 1754 suspiriis
1603 1681 1821 1751 pectus
1863 1679 2146 1751 urgetur,
2200 1673 2395 1732 virtus
2441 1670 2669 1745 deficit,

481 1756 798 1837 loquentis
838 1759 1033 1819 verba
1081 1754 1394 1817 anhelitus
1437 1756 1771 1831 intercidit,
1816 1772 1957 1815 nam
2004 1762 2067 1816 et
2109 1755 2159 1817 si
2206 1755 2475 1834 languor
2513 1755 2673 1815 desit

483 1839 857 1921 plerumque
901 1839 1176 1915 senibus,
1222 1841 1356 1917 ipsa
1401 1857 1514 1899 sua
1563 1837 1731 1899 salus
1776 1837 2065 1917 egritudo
2100 1845 2213 1901 est.
2277 1837 2369 1899 lta
2404 1837 2669 1898 mundus

461 1923 547 1983 ‘in
592 1922 773 1985 annis
819 1923 1137 2003 prioribus
1177 1922 1437 1984 velutin
1471 1923 1792 1983 iuventute
1824 1921 2037 2002 viguit,
2082 1921 2161 1983 ad
2198 1921 2667 2002 propagandam

484 2006 746 2068 humani
792 2005 1036 2087 generis
1086 2007 1327 2086 prolem
1373 2007 1673 2066 robustus
1706 2004 1841 2078 fuit,
1887 2005 2091 2065 salute
2122 2004 2407 2083 corporis
2438 2003 2670 2077 viridis,

486 2088 808 2169 opulentia
849 2109 1056 2151 rerum
1102 2088 1384 2170 pinguis;
1431 2096 1494 2150 at
1541 2106 1703 2149 nunc
1748 2088 1885 2169 ipse
1928 2107 2040 2149 sua
2085 2094 2406 2150 senectute
2450 2087 2671 2167 depri—

481 2174 688 2247 mitur,
733 2175 948 2257 sicque
994 2173 1072 2234 ad
1107 2174 1372 2235 vicinam
1420 2180 1687 2233 mortem
1734 2170 2035 2234 molestiis
2080 2171 2507 2233 crescentibus
2554 2190 2670 2231 ur·-
2766 2242 2771 2245 ¹

418 2284 422 2288 ·
485 2264 628 2336 getu
636 2277 679 2318 r.
