3050 4900
1257 466 1336 535 A.
1398 467 1611 539 1229.
2433 465 2529 535 823

345 665 418 737 vi
473 687 746 761 capere
795 663 1318 760 nequiverunt
1371 662 1518 735 hiis
1568 662 1692 761 qui
1748 672 1963 735 erant
2015 662 2086 734 in
2140 686 2228 735 ea
2276 687 2364 736 se
2400 686 2533 761 pro

351 788 614 838 cesare
650 764 1030 839 tuentibus
1071 774 1330 836 contra
1369 787 1524 835 eos.

497 866 762 937 Mense
817 865 999 937 lunii
1057 864 1488 978 Glegorius
1523 887 1719 961 papa
1781 863 2177 977 predictus
2226 864 2537 937 fratrem

347 965 876 1060 Franciscum‚
945 966 1363 1039 innocentis
1421 964 1575 1036 vite
1624 964 1905 1059 virum,
1978 964 2107 1061 qui
2156 964 2539 1036 institutor

355 1066 638 1139 ordinis
676 1066 810 1137 fuit
843 1066 1154 1139 fratrum
1186 1067 1583 1157 Minorum7
1620 1076 1802 1155 aput
1836 1064 2227 1138 Petusium
2266 1067 2359 1137 de
2395 1066 2539 1135 fra-

351 1176 547 1237 trum
571 1190 878 1239 suorum
899 1166 1213 1240 consilio
1242 1165 1448 1239 duxit
1475 1176 1907 1238 sanctorum
1939 1166 2283 1262 catalogo
2312 1165 2541 1238 ascri-

352 1269 705 1356 bendum„
760 1270 1128 1341 mandans
1177 1267 1448 1363 ubique
1498 1275 1875 1337 terrarum
1928 1265 2129 1338 diem
2178 1290 2327 1363 quo
2374 1266 2539 1339 solo

352 1390 658 1440 carnem
699 1378 775 1438 et
811 1368 974 1439 celo
1029 1367 1370 1466 spiritum
1424 1366 1766 1461 reddidit,
1820 1377 2083 1463 quarto
2122 1366 2365 1438 silicet
2399 1367 2541 1438 No-

349 1492 490 1541 nas
553 1468 896 1542 Octobris
925 1479 982 1563 ⁸7
1059 1468 1275 1541 annis
1349 1467 1671 1564 singulis
1730 1466 2253 1565 sollempniter
2320 1490 2539 1539 exco-

348 1568 675 1640 lendum.

500 1670 685 1740 Item
725 1669 1137 1766 imperator
1169 1668 1334 1767 ipse.
1371 1690 1661 1739 moram
1701 1666 1774 1738 in
1809 1666 2074 1766 Apulia
2110 1666 2429 1759 faciens,
2464 1677 2539 1739 et

351 1790 828 1865 congregans
875 1772 964 1841 ad
1017 1770 1348 1842 hostiurn
1400 1769 1617 1865 regni
1677 1768 2063 1865 repulsam
2126 1767 2535 1840 exercitum

351 1870 770 1965 copiosum,
825 1892 1004 1943 suos
1058 1894 1195 1969 pro
1243 1892 1432 1967 pace
1479 1870 1571 1940 ad
1630 1892 1909 1966 papam
1962 1869 2261 1965 legatos
2308 1868 2537 1963 misit⁷

349 1970 722 2067 Reginum
761 1970 1108 2043 videlicet
1146 1981 1222 2042 et
1255 1971 1673 2043 Barensem
1712 1970 2355 2067 archiepiscopos,
2396 1992 2539 2039 nec

351 2094 496 2141 non
539 2082 616 2142 et
651 2070 1109 2165 magistrum
1143 2072 1412 2141 domus
1451 2069 2055 2141 Teutonicorum.
2145 2070 2287 2155 Qui
2326 2069 2541 2143 Caia-

349 2171 528 2241 tiam
569 2171 991 2263 venientes‚
1048 2193 1192 2266 que
1242 2194 1284 2240 a
1321 2169 1569 2265 papali
1612 2168 1942 2240 exercitu
1979 2172 2379 2243 tenebatur
2412 2173 2538 2241 ol»-

353 2294 598 2363 sessa,
655 2293 824 2341 cum
863 2270 1130 2343 litteris
1167 2270 1617 2342 Albanensis
1656 2268 1988 2367 episcopi
2030 2278 2105 2340 et
2142 2268 2541 2343 cardinalis

349 2370 626 2444 Sancte
679 2370 1032 2443 Praxedis
1079 2372 1174 2443 ad
1211 2370 1631 2443 Romanam
1669 2370 1953 2443 curiam
1993 2380 2169 2443 sunt
2202 2368 2543 2469 profecti.

351 2471 494 2557 Oui
547 2495 720 2543 cum
772 2473 842 2542 in
901 2474 1100 2545 nullo
1158 2473 1640 2569 profecerint,
1694 2471 2095 2544 redierunt.
2200 2472 2410 2544 Tunc
2462 2471 2543 2542 in

352 2572 613 2644 Gaieta
653 2596 790 2670 per
823 2597 1096 2670 papam
1137 2582 1476 2670 potestas
1515 2572 1989 2645 constituitur
2022 2572 2395 2645 lohannes
2446 2574 2545 2644 de

316 2672 599 2744 .ludice
653 2673 835 2744 civis
872 2674 1312 2768 Anagninus
1363 2676 1452 2744 ad
1502 2673 1941 2771 petitionem
1980 2672 2543 2744 Gaietanorum.

354 2774 562 2844 Tunc
618 2772 844 2844 etiam
900 2771 1310 2844 Adenulfus
1363 2776 1452 2844 de
1504 2773 1794 2869 Aquino
1850 2771 2047 2843 filius
2091 2775 2537 2845 Acen-arum
2655 2767 2659 2771 ’

355 2872 650 2944 comitis
676 2872 978 2945 Atinum
1015 2871 1282 2970 recipit
1315 2873 1771 2969 imperatore
1800 2875 2234 2967 mandante⁷
2272 2883 2346 2945 et
2377 2872 2546 2944 Phi·-

355 2973 600 3070 lippus
653 2977 743 3045 de
782 2974 1070 3069 Aquino
1107 2973 1376 3071 recipit
1409 2983 1743 3044 castrum
1782 2971 1987 3046 Celii.

508 3076 926 3170 lmperator
968 3098 1136 3146 cum
1178 3075 1872 3170 crucesignatorum
1914 3073 2244 3144 exercitu
2282 3082 2545 3144 contra

359 3174 776 3271 clavigeros
815 3176 1076 3247 hostes
1113 3185 1470 3273 properat
1503 3175 1577 3246 in
1614 3185 1899 3246 terram
1931 3173 2262 3247 Laboris.
2335 3175 2547 3246 Tunc

357 3274 702 3348 dominus
740 3276 1118 3348 Iohannes
1155 3278 1248 3348 de
1287 3277 1704 3372 Columpna
1740 3275 2137 3346 cardinalis
2184 3277 2323 3347 sub
2374 3298 2543 3372 spe-

365 3375 476 3448 cie
511 3375 899 3447 afferendo
933 3375 1258 3472 pecunie
1294 3401 1428 3472 pro
1469 3375 1861 3473 stipendiis
1894 3375 2269 3446 exercitus
2296 3378 2386 3447 ad
2418 3399 2544 3472 pa-

357 3497 530 3572 pam
571 3475 790 3548 vadit.

510 3577 860 3671 Pelagius
908 3575 1358 3649 Albanensis
1411 3576 1817 3673 episcopus
1864 3587 1940 3648 et
1982 3600 2113 3647 rex
2166 3578 2545 3672 quondam

360 3675 1092 3771 lherosolimitanus7
1167 3677 1470 3774 cognito
1532 3679 1725 3773 quod
1776 3687 2137 3748 venturus
2192 3685 2361 3746 erat
2405 3677 2543 3748 Ca-

360 3797 590 3872 puam
628 3776 1056 3874 imperator,
1109 3789 1324 3874 rupta
1353 3776 1774 3853 ,obsidione
1824 3787 1901 3848 et
1946 3779 2333 3848 combusta
2388 3799 2543 3846 ma-

363 3876 584 3948 china
641 3901 783 3973 que
843 3879 1068 3974 vulgo
1117 3879 1385 3950 dicitur
1428 3881 2001 3966 trebuccettum,
2058 3879 2249 3973 quod
2288 3875 2547 3948 multis

361 3978 780 4074 sumptibus
819 3980 1182 4071 fecerant,
1233 3981 1571 4050 Teanum
1624 4002 1711 4049 se
1750 3978 2164 4071 conferunt,
2218 3975 2343 4049 ubi
2394 4000 2543 4048 non

363 4081 645 4174 absque
695 4079 966 4152 timore
1023 4103 1202 4152 suas
1252 4081 1454 4151 acies
1523 4088 1811 4175 ponunt
1872 4103 1912 4149 a
1970 4077 2247 4150 Caiatia
2306 4077 2545 4150 disce-

361 4179 646 4251 dentes.

361 4303 408 4372 a)
449 4301 656 4356 Octobr
691 4323 737 4358 c.
