3050 4900
1283 459 1362 532 A.
1429 462 1640 536 1228.
2465 465 2565 535 69

379 672 566 758 erat,
615 658 926 758 proponi
967 659 1145 732 fecit
1179 670 1256 732 et
1287 661 1435 757 legi
1477 659 1895 758 subscripta
1939 661 2259 757 capitula
2296 661 2371 732 in
2408 685 2565 733 mo-

375 766 554 836 dum
605 759 1074 834 testamenti.
1125 758 1209 831 ’ut
1262 760 1606 832 videlicet
1657 784 1923 832 omnes
1962 762 2054 833 de
2092 785 2355 858 regno,
2408 771 2565 834 tam

375 862 641 962 prelati
683 885 908 958 quam
947 860 1226 934 domini
1263 871 1338 933 et
1376 884 1640 933 eorum
1678 860 1949 933 subditi
2000 885 2297 957 omneS,
2340 862 2420 934 in
2474 885 2563 934 ea

377 987 565 1062 pace
607 972 681 1035 et
717 961 1252 1058 tranquillitate
1280 986 1490 1034 vivei
1494 972 1623 1034 ent
1650 969 1727 1033 et
1755 972 2177 1056 manerent,
2215 987 2355 1061 qua
2388 985 2566 1034 esse

380 1076 454 1137 et
519 1064 772 1135 vivere
841 1061 1036 1134 soliti
1095 1072 1308 1134 erant
1361 1072 1707 1175 tempore
1761 1061 1965 1158 regis
2022 1062 2399 1135 Guilielrni
2450 1086 2567 1135 se-

380 1163 626 1259 cundi,
679 1161 937 1235 relicto
989 1173 1165 1234 tunc
1201 1162 1413 1258 regni
1453 1162 1673 1235 ballio
1713 1163 2093 1257 Raynaldo
2142 1166 2329 1236 duce
2381 1162 2566 1261 Spo-

380 1265 547 1360 leti,
621 1273 697 1336 et
748 1263 811 1335 si
867 1261 1191 1336 deficere
1253 1262 1786 1359 imperatorem
1852 1263 2361 1360 contingeret,
2428 1263 2565 1337 sibi

381 1365 455 1437 in
507 1363 822 1461 imperio
873 1373 949 1436 et
998 1386 1232 1460 regno
1287 1366 1727 1435 succederet
1764 1363 2131 1436 Henricus
2167 1363 2363 1436 filius
2404 1365 2567 1436 eius

382 1465 658 1558 maior,
698 1466 888 1560 quod
925 1463 990 1536 si
1020 1463 1223 1534 illurn
1257 1465 1542 1557 absque
1570 1463 1821 1537 liberis
1854 1464 2038 1536 mori
2072 1467 2569 1561 contingeret,

382 1566 825 1640 chunradus
872 1561 1067 1636 filius
1109 1563 1270 1636 eius
1309 1562 1553 1634 minor
1590 1565 2034 1637 succederet
2069 1565 2207 1658 illi,
2264 1567 2462 1662 quod
2502 1564 2568 1636 si

385 1669 605 1739 ambo
669 1667 1122 1737 decederent
1172 1662 1343 1736 filiis
1398 1688 1546 1735 non
1615 1665 2071 1759 extantibus,
2139 1663 2266 1737 filii
2329 1665 2567 1762 ipsius

385 1769 832 1863 superstites
891 1789 1078 1861 quos
1133 1767 1223 1836 de
1278 1763 1616 1860 legitima
1672 1789 1903 1837 uxore
1960 1765 2421 1862 susceperit,
2491 1765 2567 1836 in

386 1867 653 1939 eodem
705 1889 940 1961 regno
994 1888 1130 1937 suo
1169 1868 1613 1958 succedant,
1671 1876 1744 1938 et
1788 1865 2126 1963 precipit,
2185 1875 2263 1937 ut
2298 1889 2569 1938 omnes

383 1965 731 2039 homines
795 1965 1008 2061 regni
1073 1965 1186 2036 sui
1250 1990 1394 2062 que
1458 1965 1718 2038 statuit
1770 1968 2095 2038 debeant
2147 1964 2571 2038 iuramento

390 2089 737 2155 servare,
811 2089 954 2162 que
1005 2074 1262 2136 tamen
1313 2065 1421 2136 sic
1472 2066 1855 2137 observari
1906 2067 2325 2160 mandavit,
2380 2066 2442 2140 si
2494 2066 2569 2138 in

384 2165 719 2266 presenti
787 2163 1142 2262 passagio
1212 2165 1646 2237 humanitus
1701 2167 1791 2237 de
1846 2165 2010 2262 ipso
2065 2165 2339 2262 aliquid
2396 2191 2569 2238 con-

384 2267 738 2363 tingeret,
792 2263 932 2336 nisi
977 2264 1173 2336 aliud
1211 2274 1749 2338 testamentum
1788 2268 1878 2338 ab
1921 2290 2010 2337 eo
2051 2265 2329 2339 editum
2368 2289 2569 2338 com-

383 2375 708 2480 pareret.
769 2366 926 2437 Hec
965 2389 1215 2437 coram
1257 2389 1341 2438 se
1378 2365 1604 2437 iuraii
1643 2364 1821 2438 fecit
1854 2365 2264 2465 imperator
2300 2392 2341 2440 a
2381 2369 2569 2440 duce

385 2466 719 2568 predicto
774 2477 851 2539 et
889 2465 1210 2539 Henrico
1250 2470 1340 2539 de
1377 2468 1625 2540 Morro
1663 2468 2025 2565 magistro
2065 2467 2454 2542 iustitiario
2494 2478 2571 2540 et

388 2569 550 2643 aliis
606 2566 978 2640 nonnullis
1019 2570 1110 2639 de
1148 2591 1383 2663 regno
1423 2567 1549 2665 qui
1579 2568 2091 2642 interfuerunt.
2183 2568 2571 2666 Disposuit

389 2670 644 2764 etiam,
701 2669 892 2765 quod
949 2667 1194 2739 nullus
1251 2670 1342 2739 de
1397 2692 1633 2763 regno
1689 2693 1824 2765 pro
1880 2672 2050 2741 data
2098 2669 2219 2742 vel
2258 2669 2571 2743 collecta

387 2769 659 2866 aliquid
699 2770 932 2862 daret,
975 2766 1120 2839 nisi
1154 2791 1289 2864 pro
1330 2767 1763 2841 utilitatibus
1801 2769 2014 2863 regni
2055 2780 2129 2841 et
2163 2769 2573 2842 necessita-

387 2870 582 2943 tibus
624 2866 1027 2966 expediret.

540 2970 802 3041 Mense
869 2966 1039 3040 Maii
1109 2968 1360 3040 casale
1426 2970 1797 3064 quoddam
1868 2967 1940 3039 in
1997 2968 2305 3065 Apulia,
2378 2971 2570 3065 quod

391 3069 861 3143 Gaudianum
915 3067 1216 3161 dicitur,
1287 3066 1699 3143 Melfiensis
1756 3068 2142 3164 dyocesis,
2208 3072 2300 3142 ob
2354 3068 2571 3165 culpe

392 3168 740 3243 meritum
780 3170 1232 3266 imperatore
1271 3172 1675 3243 mandante
1715 3168 2137 3242 destruitur.

541 3268 836 3343 Domini
865 3273 956 3342 de
987 3269 1325 3381 Pupplito
1356 3268 1679 3343 rebelles
1710 3269 1881 3341 facti
1915 3281 2090 3343 sunt
2115 3268 2573 3366 imperatori.

542 3368 861 3442 Romani
915 3369 1108 3441 facta
1163 3369 1237 3439 in
1289 3368 1732 3443 extrinsecis
1788 3369 2294 3443 destructione
2341 3369 2575 3443 viter-.-

393 3469 518 3565 bii,
557 3479 630 3541 et
666 3478 970 3566 optento
1010 3493 1145 3566 per
1171 3468 1320 3541 vim
1354 3481 1603 3541 castro
1634 3472 1955 3567 quodam
1988 3473 2184 3568 quod
2211 3472 2577 3569 Raspam-

394 3594 674 3669 panum
732 3568 995 3641 dicitur
1045 3569 1228 3667 ipsis
1277 3570 1860 3644 viterbiensibus
1918 3572 2251 3665 subdito,
2304 3571 2429 3643 leti
2483 3572 2575 3642 ad

394 3671 670 3743 Urbem
723 3672 1072 3765 redeunt3
1127 3670 1394 3766 quibus
1448 3671 2009 3766 recedentibuS,
2064 3625 2575 3745 Viteibienses

395 3770 469 3843 in
527 3769 812 3883 campis
867 3781 1112 3843 castra
1164 3781 1562 3869 ponenteS,
1618 3795 1763 3868 que
1800 3782 2120 3869 possunt
2155 3769 2409 3842 mala
2390 3792 2575 3841 irro-

393 3880 576 3967 gant
623 3870 904 3943 circum
941 3870 1450 3945 adiacentibus
1492 3871 1821 3945 castellis
1859 3870 2269 3943 fautoribus
2308 3870 2578 3942 Roma-

396 3995 684 4043 norum.

543 4071 806 4145 Mense
858 4070 1042 4144 Iunii
1094 4071 1502 4169 imperialis
1559 4072 1929 4145 exercitus
1969 4095 2199 4169 super
2233 4070 2580 4143 dominos

397 4172 488 4243 de
519 4171 856 4270 Pupplito
885 4171 1111 4270 vadit,
1149 4172 1414 4269 quibus
1447 4173 1869 4271 Pupplitum
1910 4170 2257 4245 auferunt
2294 4183 2369 4245 et
2395 4196 2579 4245 non-

397 4271 598 4344 nulla
636 4271 777 4345 alia
819 4282 1086 4345 castra.
