<?xml version="1.0" encoding="UTF-8"?>
<!DOCTYPE html PUBLIC "-//W3C//DTD XHTML 1.0 Transitional//EN"
    "http://www.w3.org/TR/xhtml1/DTD/xhtml1-transitional.dtd">
<html xmlns="http://www.w3.org/1999/xhtml" xml:lang="en" lang="en">
 <head>
  <title>
</title>
<meta http-equiv="Content-Type" content="text/html;charset=utf-8" />
  <meta name='ocr-system' content='tesseract 3.04.00' />
  <meta name='ocr-capabilities' content='ocr_page ocr_carea ocr_par ocr_line ocrx_word'/>
</head>
<body>
  <div class='ocr_page' id='page_1' title='image "./ryccardidesanct01pertgoog_0067.png"; bbox 0 0 3050 4900; ppageno 0'>
   <div class='ocr_carea' id='block_1_1' title="bbox 1144 427 2580 502">
    <p class='ocr_par' dir='ltr' id='par_1_1' title="bbox 1144 427 2580 502">
     <span class='ocr_line' id='line_1_1' title="bbox 1144 427 2580 502; baseline 0.001 -4"><span class='ocrx_word' id='word_1_1' title='bbox 1144 428 1224 498; x_wconf 82' lang='lat' dir='ltr'><strong>A.</strong></span> <span class='ocrx_word' id='word_1_2' title='bbox 1289 427 1805 502; x_wconf 71' lang='lat'><strong>1223-1225.</strong></span> <span class='ocrx_word' id='word_1_3' title='bbox 2483 428 2580 502; x_wconf 88' lang='grc'><strong>55</strong></span> 
     </span>
    </p>
   </div>
   <div class='ocr_carea' id='block_1_2' title="bbox 373 625 2579 2921">
    <p class='ocr_par' dir='ltr' id='par_1_2' title="bbox 385 625 2579 1129">
     <span class='ocr_line' id='line_1_2' title="bbox 536 625 2579 724; baseline -0 -25"><span class='ocrx_word' id='word_1_4' title='bbox 536 626 955 724; x_wconf 78' lang='lat' dir='ltr'>Imperator</span> <span class='ocrx_word' id='word_1_5' title='bbox 1007 627 1168 723; x_wconf 90' lang='lat' dir='ltr'><strong>ipse</strong></span> <span class='ocrx_word' id='word_1_6' title='bbox 1227 650 1364 724; x_wconf 90' lang='lat' dir='ltr'><strong>pro</strong></span> <span class='ocrx_word' id='word_1_7' title='bbox 1417 625 1879 699; x_wconf 77' lang='lat' dir='ltr'><strong>libertatibus</strong></span> <span class='ocrx_word' id='word_1_8' title='bbox 1943 626 2436 699; x_wconf 87' lang='lat' dir='ltr'><strong>ecclesiarum</strong></span> <span class='ocrx_word' id='word_1_9' title='bbox 2505 637 2579 698; x_wconf 87' lang='lat' dir='ltr'><strong>et</strong></span> 
     </span>
     <span class='ocr_line' id='line_1_3' title="bbox 387 727 2575 822; baseline 0.001 -24"><span class='ocrx_word' id='word_1_10' title='bbox 387 727 1278 822; x_wconf 84' lang='lat' dir='ltr'><strong>cle1·icorum.,iustitiario</strong></span> <span class='ocrx_word' id='word_1_11' title='bbox 1307 739 1504 800; x_wconf 89' lang='lat' dir='ltr'><strong>terre</strong></span> <span class='ocrx_word' id='word_1_12' title='bbox 1534 727 1845 801; x_wconf 89' lang='lat' dir='ltr'><strong>Laboris</strong></span> <span class='ocrx_word' id='word_1_13' title='bbox 1878 752 2056 800; x_wconf 89' lang='lat' dir='ltr'><strong>suas</strong></span> <span class='ocrx_word' id='word_1_14' title='bbox 2094 727 2381 800; x_wconf 84' lang='lat' dir='ltr'><strong>litteras</strong></span> <span class='ocrx_word' id='word_1_15' title='bbox 2412 727 2575 801; x_wconf 86' lang='lat' dir='ltr'><strong>mit·</strong></span> 
     </span>
     <span class='ocr_line' id='line_1_4' title="bbox 386 828 2577 924; baseline 0.001 -25"><span class='ocrx_word' id='word_1_16' title='bbox 386 828 500 920; x_wconf 76' lang='lat' dir='ltr'><strong>tit,</strong></span> <span class='ocrx_word' id='word_1_17' title='bbox 553 828 628 900; x_wconf 90' lang='lat' dir='ltr'><strong>in</strong></span> <span class='ocrx_word' id='word_1_18' title='bbox 668 828 934 924; x_wconf 88' lang='lat' dir='ltr'><strong>quibus</strong></span> <span class='ocrx_word' id='word_1_19' title='bbox 975 832 1304 923; x_wconf 67' lang='lat' dir='ltr'><strong>mandat,</strong></span> <span class='ocrx_word' id='word_1_20' title='bbox 1362 840 1440 900; x_wconf 91' lang='lat' dir='ltr'><strong>ut</strong></span> <span class='ocrx_word' id='word_1_21' title='bbox 1478 828 1842 902; x_wconf 89' lang='lat' dir='ltr'><strong>ecclesias</strong></span> <span class='ocrx_word' id='word_1_22' title='bbox 1882 851 2179 923; x_wconf 85' lang='lat' dir='ltr'><strong>omnes,</strong></span> <span class='ocrx_word' id='word_1_23' title='bbox 2233 828 2577 922; x_wconf 51' lang='lat' dir='ltr'><strong>clericos„</strong></span> 
     </span>
     <span class='ocr_line' id='line_1_5' title="bbox 385 929 2575 1027; baseline 0.001 -27"><span class='ocrx_word' id='word_1_24' title='bbox 385 929 880 1023; x_wconf 74' lang='lat' dir='ltr'><strong>obedientias,</strong></span> <span class='ocrx_word' id='word_1_25' title='bbox 931 930 1496 1027; x_wconf 65' lang='lat' dir='ltr'><strong>possessiones,</strong></span> <span class='ocrx_word' id='word_1_26' title='bbox 1552 940 1625 1002; x_wconf 88' lang='lat' dir='ltr'><strong>et</strong></span> <span class='ocrx_word' id='word_1_27' title='bbox 1661 929 2011 1003; x_wconf 88' lang='lat' dir='ltr'><strong>homines</strong></span> <span class='ocrx_word' id='word_1_28' title='bbox 2051 953 2349 1025; x_wconf 72' lang='lat' dir='ltr'><strong>eorum,</strong></span> <span class='ocrx_word' id='word_1_29' title='bbox 2403 953 2575 1002; x_wconf 90' lang='lat' dir='ltr'><strong>con-</strong></span> 
     </span>
     <span class='ocr_line' id='line_1_6' title="bbox 385 1029 2573 1129; baseline -0 -27"><span class='ocrx_word' id='word_1_30' title='bbox 385 1041 500 1102; x_wconf 84' lang='lat' dir='ltr'><strong>tra</strong></span> <span class='ocrx_word' id='word_1_31' title='bbox 535 1029 948 1125; x_wconf 72' lang='lat' dir='ltr'><strong>libertates,</strong></span> <span class='ocrx_word' id='word_1_32' title='bbox 1004 1055 1192 1127; x_wconf 89' lang='lat' dir='ltr'><strong>quas</strong></span> <span class='ocrx_word' id='word_1_33' title='bbox 1239 1033 1656 1106; x_wconf 81' lang='lat' dir='ltr'><strong>habuerant</strong></span> <span class='ocrx_word' id='word_1_34' title='bbox 1690 1030 2157 1129; x_wconf 86' lang='lat' dir='ltr'><strong>temporibus</strong></span> <span class='ocrx_word' id='word_1_35' title='bbox 2196 1054 2461 1127; x_wconf 84' lang='lat' dir='ltr'><strong>regum</strong></span> <span class='ocrx_word' id='word_1_36' title='bbox 2502 1030 2573 1102; x_wconf 90' lang='lat' dir='ltr'><strong>in</strong></span> 
     </span>
    </p>

    <p class='ocr_par' dir='ltr' id='par_1_3' title="bbox 381 1130 2574 1609">
     <span class='ocr_line' id='line_1_7' title="bbox 385 1130 2574 1229; baseline 0.001 -27.039"><span class='ocrx_word' id='word_1_37' title='bbox 385 1130 718 1204; x_wconf 79' lang='lat' dir='ltr'><strong>collectis</strong></span> <span class='ocrx_word' id='word_1_38' title='bbox 775 1142 851 1204; x_wconf 92' lang='lat' dir='ltr'><strong>et</strong></span> <span class='ocrx_word' id='word_1_39' title='bbox 898 1132 1187 1228; x_wconf 72' lang='lat' dir='ltr'><strong>talleis,</strong></span> <span class='ocrx_word' id='word_1_40' title='bbox 1241 1131 1478 1205; x_wconf 76' lang='lat' dir='ltr'><strong>datis⁸</strong></span> <span class='ocrx_word' id='word_1_41' title='bbox 1532 1143 1607 1204; x_wconf 90' lang='lat' dir='ltr'><strong>et</strong></span> <span class='ocrx_word' id='word_1_42' title='bbox 1660 1131 1825 1204; x_wconf 88' lang='lat' dir='ltr'><strong>aliis</strong></span> <span class='ocrx_word' id='word_1_43' title='bbox 1880 1131 2193 1229; x_wconf 85' lang='lat' dir='ltr'><strong>publicis</strong></span> <span class='ocrx_word' id='word_1_44' title='bbox 2249 1132 2574 1204; x_wconf 86' lang='lat' dir='ltr'><strong>servitiis</strong></span> 
     </span>
     <span class='ocr_line' id='line_1_8' title="bbox 385 1231 2571 1346; baseline -0 -42"><span class='ocrx_word' id='word_1_45' title='bbox 385 1231 815 1306; x_wconf 83' lang='lat' dir='ltr'><strong>ammisceri</strong></span> <span class='ocrx_word' id='word_1_46' title='bbox 871 1257 1044 1304; x_wconf 90' lang='lat' dir='ltr'><strong>cum</strong></span> <span class='ocrx_word' id='word_1_47' title='bbox 1095 1233 1258 1308; x_wconf 87' lang='lat' dir='ltr'><strong>aliis</strong></span> <span class='ocrx_word' id='word_1_48' title='bbox 1316 1257 1461 1307; x_wconf 91' lang='lat' dir='ltr'><strong>non</strong></span> <span class='ocrx_word' id='word_1_49' title='bbox 1520 1233 1979 1346; x_wconf 69' lang='lat' dir='ltr'><strong>permittant,</strong></span> <span class='ocrx_word' id='word_1_50' title='bbox 2036 1242 2112 1304; x_wconf 88' lang='lat' dir='ltr'><strong>et</strong></span> <span class='ocrx_word' id='word_1_51' title='bbox 2164 1232 2346 1305; x_wconf 82' lang='lat' dir='ltr'><strong>nihil</strong></span> <span class='ocrx_word' id='word_1_52' title='bbox 2400 1255 2571 1304; x_wconf 90' lang='lat' dir='ltr'><strong>cum</strong></span> 
     </span>
     <span class='ocr_line' id='line_1_9' title="bbox 383 1332 2572 1448; baseline -0 -44"><span class='ocrx_word' id='word_1_53' title='bbox 383 1333 616 1426; x_wconf 82' lang='lat' dir='ltr'><strong>laycis</strong></span> <span class='ocrx_word' id='word_1_54' title='bbox 669 1332 1118 1432; x_wconf 78' lang='lat' dir='ltr'><strong>participent</strong></span> <span class='ocrx_word' id='word_1_55' title='bbox 1177 1335 1252 1406; x_wconf 89' lang='lat' dir='ltr'><strong>in</strong></span> <span class='ocrx_word' id='word_1_56' title='bbox 1308 1335 1641 1431; x_wconf 74' lang='lat' dir='ltr'><strong>eisdem,</strong></span> <span class='ocrx_word' id='word_1_57' title='bbox 1704 1334 1845 1409; x_wconf 85' lang='lat' dir='ltr'><strong>nisi</strong></span> <span class='ocrx_word' id='word_1_58' title='bbox 1914 1337 2305 1448; x_wconf 76' lang='lat' dir='ltr'><strong>probetur,</strong></span> <span class='ocrx_word' id='word_1_59' title='bbox 2377 1336 2572 1430; x_wconf 87' lang='lat' dir='ltr'><strong>quod</strong></span> 
     </span>
     <span class='ocr_line' id='line_1_10' title="bbox 381 1432 2572 1532; baseline 0 -26"><span class='ocrx_word' id='word_1_60' title='bbox 381 1445 726 1531; x_wconf 85' lang='lat' dir='ltr'><strong>tempore</strong></span> <span class='ocrx_word' id='word_1_61' title='bbox 774 1433 978 1532; x_wconf 85' lang='lat' dir='ltr'><strong>regis</strong></span> <span class='ocrx_word' id='word_1_62' title='bbox 1031 1434 1404 1508; x_wconf 89' lang='lat' dir='ltr'><strong>Guilielmi</strong></span> <span class='ocrx_word' id='word_1_63' title='bbox 1458 1435 1769 1509; x_wconf 87' lang='lat' dir='ltr'><strong>secundi</strong></span> <span class='ocrx_word' id='word_1_64' title='bbox 1820 1458 1993 1508; x_wconf 87' lang='lat' dir='ltr'><strong>cum</strong></span> <span class='ocrx_word' id='word_1_65' title='bbox 2044 1435 2155 1508; x_wconf 89' lang='lat' dir='ltr'><strong>eis</strong></span> <span class='ocrx_word' id='word_1_66' title='bbox 2206 1432 2283 1506; x_wconf 89' lang='lat' dir='ltr'><strong>in</strong></span> <span class='ocrx_word' id='word_1_67' title='bbox 2318 1433 2572 1506; x_wconf 86' lang='lat' dir='ltr'><strong>huius—</strong></span> 
     </span>
     <span class='ocr_line' id='line_1_11' title="bbox 381 1535 1502 1609; baseline 0.002 -3"><span class='ocrx_word' id='word_1_68' title='bbox 381 1535 582 1608; x_wconf 87' lang='lat' dir='ltr'><strong>modi</strong></span> <span class='ocrx_word' id='word_1_69' title='bbox 621 1535 946 1608; x_wconf 85' lang='lat' dir='ltr'><strong>servitiis</strong></span> <span class='ocrx_word' id='word_1_70' title='bbox 987 1536 1502 1609; x_wconf 89' lang='lat' dir='ltr'><strong>contulissent.</strong></span> 
     </span>
    </p>

    <p class='ocr_par' dir='ltr' id='par_1_4' title="bbox 380 1634 2573 2035">
     <span class='ocr_line' id='line_1_12' title="bbox 530 1634 2573 1735; baseline 0 -27"><span class='ocrx_word' id='word_1_71' title='bbox 530 1636 794 1708; x_wconf 87' lang='lat' dir='ltr'><strong>Mense</strong></span> <span class='ocrx_word' id='word_1_72' title='bbox 823 1636 1292 1734; x_wconf 87' lang='lat' dir='ltr'><strong>Septembris</strong></span> <span class='ocrx_word' id='word_1_73' title='bbox 1321 1662 1455 1735; x_wconf 92' lang='lat' dir='ltr'><strong>pro</strong></span> <span class='ocrx_word' id='word_1_74' title='bbox 1486 1636 1683 1708; x_wconf 86' lang='lat' dir='ltr'><strong>facto</strong></span> <span class='ocrx_word' id='word_1_75' title='bbox 1708 1636 2298 1710; x_wconf 32' lang='lat' dir='ltr'><strong>Saiwracenmum</strong></span> <span class='ocrx_word' id='word_1_76' title='bbox 2323 1634 2573 1711; x_wconf 87' lang='lat' dir='ltr'><strong>Sicilie</strong></span> 
     </span>
     <span class='ocr_line' id='line_1_13' title="bbox 381 1734 2571 1848; baseline -0 -41"><span class='ocrx_word' id='word_1_77' title='bbox 381 1740 844 1809; x_wconf 86' lang='lat' dir='ltr'><strong>tantumdem</strong></span> <span class='ocrx_word' id='word_1_78' title='bbox 901 1737 1147 1834; x_wconf 84' lang='lat' dir='ltr'><strong>colligi</strong></span> <span class='ocrx_word' id='word_1_79' title='bbox 1203 1740 1508 1810; x_wconf 88' lang='lat' dir='ltr'><strong>mandat</strong></span> <span class='ocrx_word' id='word_1_80' title='bbox 1560 1741 1653 1810; x_wconf 92' lang='lat' dir='ltr'><strong>de</strong></span> <span class='ocrx_word' id='word_1_81' title='bbox 1704 1747 1903 1809; x_wconf 91' lang='lat' dir='ltr'><strong>terra</strong></span> <span class='ocrx_word' id='word_1_82' title='bbox 1959 1734 2397 1848; x_wconf 81' lang='lat' dir='ltr'><strong>Casinensis</strong></span> <span class='ocrx_word' id='word_1_83' title='bbox 2452 1759 2571 1808; x_wconf 87' lang='lat' dir='ltr'><strong>ec-</strong></span> 
     </span>
     <span class='ocr_line' id='line_1_14' title="bbox 381 1836 2569 1937; baseline -0 -28"><span class='ocrx_word' id='word_1_84' title='bbox 381 1837 610 1910; x_wconf 88' lang='lat' dir='ltr'><strong>clesie</strong></span> <span class='ocrx_word' id='word_1_85' title='bbox 661 1837 1098 1936; x_wconf 65' lang='lat' dir='ltr'><strong>imperator,</strong></span> <span class='ocrx_word' id='word_1_86' title='bbox 1153 1851 1514 1937; x_wconf 87' lang='lat' dir='ltr'><strong>quantum</strong></span> <span class='ocrx_word' id='word_1_87' title='bbox 1571 1838 1967 1911; x_wconf 89' lang='lat' dir='ltr'><strong>collectum</strong></span> <span class='ocrx_word' id='word_1_88' title='bbox 2018 1836 2156 1909; x_wconf 90' lang='lat' dir='ltr'><strong>fuit</strong></span> <span class='ocrx_word' id='word_1_89' title='bbox 2209 1836 2283 1908; x_wconf 91' lang='lat' dir='ltr'><strong>in</strong></span> <span class='ocrx_word' id='word_1_90' title='bbox 2334 1861 2569 1934; x_wconf 91' lang='lat' dir='ltr'><strong>prope</strong></span> 
     </span>
     <span class='ocr_line' id='line_1_15' title="bbox 380 1939 1422 2035; baseline 0.002 -25"><span class='ocrx_word' id='word_1_91' title='bbox 380 1939 736 2035; x_wconf 85' lang='lat' dir='ltr'><strong>preterito</strong></span> <span class='ocrx_word' id='word_1_92' title='bbox 778 1963 1042 2012; x_wconf 89' lang='lat' dir='ltr'><strong>mense</strong></span> <span class='ocrx_word' id='word_1_93' title='bbox 1080 1939 1422 2012; x_wconf 86' lang='lat' dir='ltr'><strong>Ianuarii.</strong></span> 
     </span>
    </p>

    <p class='ocr_par' dir='ltr' id='par_1_5' title="bbox 373 2037 2569 2921">
     <span class='ocr_line' id='line_1_16' title="bbox 527 2037 2569 2112; baseline -0.002 0"><span class='ocrx_word' id='word_1_94' title='bbox 527 2039 858 2112; x_wconf 90' lang='lat' dir='ltr'><strong>Marchio</strong></span> <span class='ocrx_word' id='word_1_95' title='bbox 889 2040 1422 2112; x_wconf 87' lang='lat' dir='ltr'><strong>Montisferrati</strong></span> <span class='ocrx_word' id='word_1_96' title='bbox 1461 2063 1635 2112; x_wconf 89' lang='lat' dir='ltr'><strong>cum</strong></span> <span class='ocrx_word' id='word_1_97' title='bbox 1674 2038 1935 2110; x_wconf 89' lang='lat' dir='ltr'><strong>electis</strong></span> <span class='ocrx_word' id='word_1_98' title='bbox 1974 2037 2350 2110; x_wconf 89' lang='lat' dir='ltr'><strong>nonnullis</strong></span> <span class='ocrx_word' id='word_1_99' title='bbox 2384 2037 2569 2110; x_wconf 89' lang='lat' dir='ltr'><strong>mili-</strong></span> 
     </span>
     <span class='ocr_line' id='line_1_17' title="bbox 376 2138 2568 2236; baseline -0 -25"><span class='ocrx_word' id='word_1_100' title='bbox 376 2140 574 2212; x_wconf 90' lang='lat' dir='ltr'><strong>tibus</strong></span> <span class='ocrx_word' id='word_1_101' title='bbox 631 2164 818 2236; x_wconf 87' lang='lat' dir='ltr'><strong>quos</strong></span> <span class='ocrx_word' id='word_1_102' title='bbox 873 2140 944 2210; x_wconf 90' lang='lat' dir='ltr'><strong>in</strong></span> <span class='ocrx_word' id='word_1_103' title='bbox 995 2140 1522 2212; x_wconf 88' lang='lat' dir='ltr'><strong>Lombardiam</strong></span> <span class='ocrx_word' id='word_1_104' title='bbox 1589 2149 1661 2210; x_wconf 89' lang='lat' dir='ltr'><strong>et</strong></span> <span class='ocrx_word' id='word_1_105' title='bbox 1716 2139 2066 2210; x_wconf 87' lang='lat' dir='ltr'><strong>Tusciam</strong></span> <span class='ocrx_word' id='word_1_106' title='bbox 2131 2138 2568 2232; x_wconf 73' lang='lat' dir='ltr'><strong>retinuerat,</strong></span> 
     </span>
     <span class='ocr_line' id='line_1_18' title="bbox 375 2238 2569 2338; baseline -0 -27"><span class='ocrx_word' id='word_1_107' title='bbox 375 2241 586 2311; x_wconf 91' lang='lat' dir='ltr'><strong>venit</strong></span> <span class='ocrx_word' id='word_1_108' title='bbox 620 2240 1152 2333; x_wconf 64' lang='lat' dir='ltr'><strong>Brundusium,</strong></span> <span class='ocrx_word' id='word_1_109' title='bbox 1187 2241 1665 2338; x_wconf 84' lang='lat' dir='ltr'><strong>profecturus</strong></span> <span class='ocrx_word' id='word_1_110' title='bbox 1705 2239 1773 2311; x_wconf 92' lang='lat' dir='ltr'><strong>in</strong></span> <span class='ocrx_word' id='word_1_111' title='bbox 1806 2239 2252 2312; x_wconf 88' lang='lat' dir='ltr'><strong>Romaniam</strong></span> <span class='ocrx_word' id='word_1_112' title='bbox 2289 2238 2362 2309; x_wconf 90' lang='lat' dir='ltr'><strong>in</strong></span> <span class='ocrx_word' id='word_1_113' title='bbox 2404 2264 2569 2310; x_wconf 90' lang='lat' dir='ltr'><strong>suc-</strong></span> 
     </span>
     <span class='ocr_line' id='line_1_19' title="bbox 375 2339 2565 2438; baseline -0 -25"><span class='ocrx_word' id='word_1_114' title='bbox 375 2364 684 2414; x_wconf 88' lang='lat' dir='ltr'><strong>cursum</strong></span> <span class='ocrx_word' id='word_1_115' title='bbox 724 2341 1040 2414; x_wconf 89' lang='lat' dir='ltr'><strong>civitatis</strong></span> <span class='ocrx_word' id='word_1_116' title='bbox 1079 2341 1808 2436; x_wconf 67' lang='lat' dir='ltr'><strong>Thessalonicensis,</strong></span> <span class='ocrx_word' id='word_1_117' title='bbox 1860 2365 2082 2438; x_wconf 86' lang='lat' dir='ltr'><strong>quam</strong></span> <span class='ocrx_word' id='word_1_118' title='bbox 2124 2339 2565 2414; x_wconf 88' lang='lat' dir='ltr'><strong>Commiano</strong></span> 
     </span>
     <span class='ocr_line' id='line_1_20' title="bbox 373 2440 2566 2540; baseline -0.001 -25"><span class='ocrx_word' id='word_1_119' title='bbox 373 2446 682 2516; x_wconf 87' lang='lat' dir='ltr'><strong>tenebat</strong></span> <span class='ocrx_word' id='word_1_120' title='bbox 735 2445 1176 2539; x_wconf 77' lang='lat' dir='ltr'><strong>obsessarn3</strong></span> <span class='ocrx_word' id='word_1_121' title='bbox 1249 2455 1325 2517; x_wconf 90' lang='lat' dir='ltr'><strong>et</strong></span> <span class='ocrx_word' id='word_1_122' title='bbox 1377 2442 1632 2517; x_wconf 90' lang='lat' dir='ltr'><strong>relicta</strong></span> <span class='ocrx_word' id='word_1_123' title='bbox 1684 2454 1913 2540; x_wconf 86' lang='lat' dir='ltr'><strong>gente</strong></span> <span class='ocrx_word' id='word_1_124' title='bbox 1968 2467 2104 2515; x_wconf 90' lang='lat' dir='ltr'><strong>sua</strong></span> <span class='ocrx_word' id='word_1_125' title='bbox 2138 2440 2566 2537; x_wconf 79' lang='lat' dir='ltr'><strong>Brundusii,</strong></span> 
     </span>
     <span class='ocr_line' id='line_1_21' title="bbox 376 2542 2564 2642; baseline 0 -27"><span class='ocrx_word' id='word_1_126' title='bbox 376 2543 540 2642; x_wconf 90' lang='lat' dir='ltr'><strong>ipse</strong></span> <span class='ocrx_word' id='word_1_127' title='bbox 579 2546 672 2615; x_wconf 91' lang='lat' dir='ltr'><strong>ad</strong></span> <span class='ocrx_word' id='word_1_128' title='bbox 710 2543 1245 2642; x_wconf 87' lang='lat' dir='ltr'><strong>imperatorem</strong></span> <span class='ocrx_word' id='word_1_129' title='bbox 1283 2546 1356 2620; x_wconf 92' lang='lat' dir='ltr'><strong>in</strong></span> <span class='ocrx_word' id='word_1_130' title='bbox 1395 2544 1727 2619; x_wconf 89' lang='lat' dir='ltr'><strong>Siciliam</strong></span> <span class='ocrx_word' id='word_1_131' title='bbox 1769 2544 1995 2638; x_wconf 69' lang='lat' dir='ltr'><strong>vadit,</strong></span> <span class='ocrx_word' id='word_1_132' title='bbox 2042 2542 2431 2615; x_wconf 85' lang='lat' dir='ltr'><strong>consilium</strong></span> <span class='ocrx_word' id='word_1_133' title='bbox 2473 2545 2564 2616; x_wconf 91' lang='lat' dir='ltr'><strong>ab</strong></span> 
     </span>
     <span class='ocr_line' id='line_1_22' title="bbox 377 2644 2565 2743; baseline 0 -27"><span class='ocrx_word' id='word_1_134' title='bbox 377 2668 468 2717; x_wconf 90' lang='lat' dir='ltr'><strong>eo</strong></span> <span class='ocrx_word' id='word_1_135' title='bbox 508 2656 582 2718; x_wconf 87' lang='lat' dir='ltr'><strong>et</strong></span> <span class='ocrx_word' id='word_1_136' title='bbox 617 2646 971 2717; x_wconf 88' lang='lat' dir='ltr'><strong>auxilium</strong></span> <span class='ocrx_word' id='word_1_137' title='bbox 1021 2648 1411 2743; x_wconf 88' lang='lat' dir='ltr'><strong>petiturus.</strong></span> <span class='ocrx_word' id='word_1_138' title='bbox 1518 2646 1813 2719; x_wconf 87' lang='lat' dir='ltr'><strong>Interea</strong></span> <span class='ocrx_word' id='word_1_139' title='bbox 1851 2654 2106 2717; x_wconf 90' lang='lat' dir='ltr'><strong>tamen</strong></span> <span class='ocrx_word' id='word_1_140' title='bbox 2144 2644 2307 2742; x_wconf 90' lang='lat' dir='ltr'><strong>ipse</strong></span> <span class='ocrx_word' id='word_1_141' title='bbox 2348 2645 2565 2717; x_wconf 82' lang='lat' dir='ltr'><strong>Corn-</strong></span> 
     </span>
     <span class='ocr_line' id='line_1_23' title="bbox 375 2744 2564 2844; baseline 0 -27"><span class='ocrx_word' id='word_1_142' title='bbox 375 2746 626 2817; x_wconf 87' lang='lat' dir='ltr'><strong>miano</strong></span> <span class='ocrx_word' id='word_1_143' title='bbox 680 2746 966 2843; x_wconf 89' lang='lat' dir='ltr'><strong>optinet</strong></span> <span class='ocrx_word' id='word_1_144' title='bbox 1011 2747 1386 2821; x_wconf 87' lang='lat' dir='ltr'><strong>civitatem</strong></span> <span class='ocrx_word' id='word_1_145' title='bbox 1428 2747 1699 2844; x_wconf 75' lang='lat' dir='ltr'><strong>ipsam,</strong></span> <span class='ocrx_word' id='word_1_146' title='bbox 1752 2744 1877 2817; x_wconf 88' lang='lat' dir='ltr'><strong>diu</strong></span> <span class='ocrx_word' id='word_1_147' title='bbox 1916 2768 2085 2817; x_wconf 89' lang='lat' dir='ltr'><strong>eam</strong></span> <span class='ocrx_word' id='word_1_148' title='bbox 2124 2744 2564 2839; x_wconf 77' lang='lat' dir='ltr'><strong>obsidendO,</strong></span> 
     </span>
     <span class='ocr_line' id='line_1_24' title="bbox 375 2844 2563 2921; baseline -0.001 -2"><span class='ocrx_word' id='word_1_149' title='bbox 375 2857 452 2919; x_wconf 90' lang='lat' dir='ltr'><strong>et</strong></span> <span class='ocrx_word' id='word_1_150' title='bbox 487 2847 726 2919; x_wconf 91' lang='lat' dir='ltr'><strong>dictus</strong></span> <span class='ocrx_word' id='word_1_151' title='bbox 767 2846 1100 2919; x_wconf 89' lang='lat' dir='ltr'><strong>marchio</strong></span> <span class='ocrx_word' id='word_1_152' title='bbox 1140 2846 1628 2921; x_wconf 70' lang='lat' dir='ltr'><strong>nihilominus⁴</strong></span> <span class='ocrx_word' id='word_1_153' title='bbox 1665 2870 1708 2917; x_wconf 91' lang='lat' dir='ltr'><strong>a</strong></span> <span class='ocrx_word' id='word_1_154' title='bbox 1735 2845 2158 2919; x_wconf 89' lang='lat' dir='ltr'><strong>Brundusio</strong></span> <span class='ocrx_word' id='word_1_155' title='bbox 2188 2844 2263 2915; x_wconf 91' lang='lat' dir='ltr'><strong>in</strong></span> <span class='ocrx_word' id='word_1_156' title='bbox 2296 2844 2563 2917; x_wconf 87' lang='lat' dir='ltr'><strong>Roma·</strong></span> 
     </span>
    </p>
   </div>
   <div class='ocr_carea' id='block_1_3' title="bbox 374 2946 1066 3022">
    <p class='ocr_par' dir='ltr' id='par_1_6' title="bbox 374 2946 1066 3022">
     <span class='ocr_line' id='line_1_25' title="bbox 374 2946 1066 3022; baseline 0.001 -4"><span class='ocrx_word' id='word_1_157' title='bbox 374 2946 574 3019; x_wconf 90' lang='lat' dir='ltr'><strong>niam</strong></span> <span class='ocrx_word' id='word_1_158' title='bbox 613 2948 1066 3022; x_wconf 87' lang='lat' dir='ltr'><strong>transfretat.</strong></span> 
     </span>
    </p>
   </div>
   <div class='ocr_carea' id='block_1_4' title="bbox 1343 3088 1588 3179">
    <p class='ocr_par' dir='ltr' id='par_1_7' title="bbox 1343 3088 1588 3179">
     <span class='ocr_line' id='line_1_26' title="bbox 1343 3088 1588 3179; baseline -0.004 -2"><span class='ocrx_word' id='word_1_159' title='bbox 1343 3088 1588 3179; x_wconf 80' lang='lat'><strong>1225.</strong></span> 
     </span>
    </p>
   </div>
   <div class='ocr_carea' id='block_1_5' title="bbox 362 3224 2557 4233">
    <p class='ocr_par' dir='ltr' id='par_1_8' title="bbox 365 3224 2557 3930">
     <span class='ocr_line' id='line_1_27' title="bbox 520 3224 2557 3323; baseline 0 -26"><span class='ocrx_word' id='word_1_160' title='bbox 520 3226 896 3298; x_wconf 90' lang='lat' dir='ltr'><strong>lohannes</strong></span> <span class='ocrx_word' id='word_1_161' title='bbox 917 3226 1611 3299; x_wconf 87' lang='lat' dir='ltr'><strong>lherosolimitanus</strong></span> <span class='ocrx_word' id='word_1_162' title='bbox 1634 3250 1765 3298; x_wconf 85' lang='lat' dir='ltr'><strong>rex</strong></span> <span class='ocrx_word' id='word_1_163' title='bbox 1786 3229 1877 3298; x_wconf 90' lang='lat' dir='ltr'><strong>de</strong></span> <span class='ocrx_word' id='word_1_164' title='bbox 1901 3226 2235 3323; x_wconf 89' lang='lat' dir='ltr'><strong>partibus</strong></span> <span class='ocrx_word' id='word_1_165' title='bbox 2256 3224 2557 3297; x_wconf 87' lang='lat' dir='ltr'><strong>rediens</strong></span> 
     </span>
     <span class='ocr_line' id='line_1_28' title="bbox 371 3324 2556 3425; baseline 0.001 -28"><span class='ocrx_word' id='word_1_166' title='bbox 371 3325 971 3422; x_wconf 67' lang='lat' dir='ltr'><strong>ultramontanis,</strong></span> <span class='ocrx_word' id='word_1_167' title='bbox 1027 3351 1197 3399; x_wconf 88' lang='lat' dir='ltr'><strong>cum</strong></span> <span class='ocrx_word' id='word_1_168' title='bbox 1253 3351 1481 3400; x_wconf 87' lang='lat' dir='ltr'><strong>uxore</strong></span> <span class='ocrx_word' id='word_1_169' title='bbox 1534 3352 1668 3400; x_wconf 91' lang='lat' dir='ltr'><strong>sua</strong></span> <span class='ocrx_word' id='word_1_170' title='bbox 1708 3337 2128 3425; x_wconf 84' lang='lat' dir='ltr'><strong>pregnante</strong></span> <span class='ocrx_word' id='word_1_171' title='bbox 2165 3324 2310 3399; x_wconf 87' lang='lat' dir='ltr'><strong>filia</strong></span> <span class='ocrx_word' id='word_1_172' title='bbox 2354 3327 2556 3423; x_wconf 82' lang='lat' dir='ltr'><strong>regis</strong></span> 
     </span>
     <span class='ocr_line' id='line_1_29' title="bbox 371 3426 2556 3526; baseline 0.001 -29"><span class='ocrx_word' id='word_1_173' title='bbox 371 3426 782 3526; x_wconf 75' lang='lat' dir='ltr'><strong>Hyspanie‚</strong></span> <span class='ocrx_word' id='word_1_174' title='bbox 829 3452 1052 3525; x_wconf 87' lang='lat' dir='ltr'><strong>quarn</strong></span> <span class='ocrx_word' id='word_1_175' title='bbox 1094 3428 1298 3501; x_wconf 87' lang='lat' dir='ltr'><strong>duxit</strong></span> <span class='ocrx_word' id='word_1_176' title='bbox 1333 3427 1634 3524; x_wconf 83' lang='lat' dir='ltr'><strong>ibidem,</strong></span> <span class='ocrx_word' id='word_1_177' title='bbox 1673 3430 1865 3525; x_wconf 90' lang='lat' dir='ltr'><strong>apud</strong></span> <span class='ocrx_word' id='word_1_178' title='bbox 1907 3428 2243 3525; x_wconf 89' lang='lat' dir='ltr'><strong>Capuam</strong></span> <span class='ocrx_word' id='word_1_179' title='bbox 2282 3428 2556 3500; x_wconf 88' lang='lat' dir='ltr'><strong>morari</strong></span> 
     </span>
     <span class='ocr_line' id='line_1_30' title="bbox 371 3527 2555 3627; baseline 0.001 -28"><span class='ocrx_word' id='word_1_180' title='bbox 371 3527 624 3625; x_wconf 75' lang='lat' dir='ltr'><strong>elegit,</strong></span> <span class='ocrx_word' id='word_1_181' title='bbox 663 3529 784 3601; x_wconf 87' lang='lat' dir='ltr'><strong>ubi</strong></span> <span class='ocrx_word' id='word_1_182' title='bbox 820 3528 1273 3627; x_wconf 88' lang='lat' dir='ltr'><strong>imperatore</strong></span> <span class='ocrx_word' id='word_1_183' title='bbox 1314 3531 1715 3602; x_wconf 89' lang='lat' dir='ltr'><strong>mandante</strong></span> <span class='ocrx_word' id='word_1_184' title='bbox 1757 3528 2163 3603; x_wconf 86' lang='lat' dir='ltr'><strong>honorifice</strong></span> <span class='ocrx_word' id='word_1_185' title='bbox 2201 3539 2555 3627; x_wconf 89' lang='lat' dir='ltr'><strong>receptus</strong></span> 
     </span>
     <span class='ocr_line' id='line_1_31' title="bbox 370 3628 2555 3729; baseline 0 -28"><span class='ocrx_word' id='word_1_186' title='bbox 370 3639 513 3725; x_wconf 83' lang='lat' dir='ltr'><strong>est,</strong></span> <span class='ocrx_word' id='word_1_187' title='bbox 564 3628 811 3727; x_wconf 90' lang='lat' dir='ltr'><strong>ibique</strong></span> <span class='ocrx_word' id='word_1_188' title='bbox 866 3655 1133 3703; x_wconf 90' lang='lat' dir='ltr'><strong>mense</strong></span> <span class='ocrx_word' id='word_1_189' title='bbox 1169 3630 1442 3729; x_wconf 89' lang='lat' dir='ltr'><strong>Aprilis</strong></span> <span class='ocrx_word' id='word_1_190' title='bbox 1495 3628 1727 3703; x_wconf 89' lang='lat' dir='ltr'><strong>filiam</strong></span> <span class='ocrx_word' id='word_1_191' title='bbox 1784 3630 2075 3728; x_wconf 86' lang='lat' dir='ltr'><strong>peperit</strong></span> <span class='ocrx_word' id='word_1_192' title='bbox 2128 3654 2314 3702; x_wconf 86' lang='lat' dir='ltr'><strong>uxor</strong></span> <span class='ocrx_word' id='word_1_193' title='bbox 2366 3630 2555 3724; x_wconf 73' lang='lat' dir='ltr'><strong>eius⁷</strong></span> 
     </span>
     <span class='ocr_line' id='line_1_32' title="bbox 369 3731 2555 3844; baseline 0 -43"><span class='ocrx_word' id='word_1_194' title='bbox 369 3754 538 3803; x_wconf 90' lang='lat' dir='ltr'><strong>cum</strong></span> <span class='ocrx_word' id='word_1_195' title='bbox 579 3756 722 3827; x_wconf 88' lang='lat' dir='ltr'><strong>qua</strong></span> <span class='ocrx_word' id='word_1_196' title='bbox 765 3734 1238 3844; x_wconf 74' lang='lat' dir='ltr'><strong>postmodum</strong></span> <span class='ocrx_word' id='word_1_197' title='bbox 1280 3732 1351 3803; x_wconf 92' lang='lat' dir='ltr'><strong>in</strong></span> <span class='ocrx_word' id='word_1_198' title='bbox 1389 3731 1733 3829; x_wconf 89' lang='lat' dir='ltr'><strong>Apuliam</strong></span> <span class='ocrx_word' id='word_1_199' title='bbox 1785 3731 2197 3825; x_wconf 77' lang='lat' dir='ltr'><strong>descendit,</strong></span> <span class='ocrx_word' id='word_1_200' title='bbox 2253 3739 2327 3801; x_wconf 87' lang='lat' dir='ltr'><strong>et</strong></span> <span class='ocrx_word' id='word_1_201' title='bbox 2374 3740 2555 3828; x_wconf 88' lang='lat' dir='ltr'><strong>aput</strong></span> 
     </span>
     <span class='ocr_line' id='line_1_33' title="bbox 365 3831 2553 3946; baseline -0.001 -43"><span class='ocrx_word' id='word_1_202' title='bbox 365 3831 774 3946; x_wconf 79' lang='lat' dir='ltr'><strong>Melphiarn</strong></span> <span class='ocrx_word' id='word_1_203' title='bbox 801 3831 1336 3930; x_wconf 89' lang='lat' dir='ltr'><strong>imperatorem</strong></span> <span class='ocrx_word' id='word_1_204' title='bbox 1369 3836 1458 3906; x_wconf 88' lang='lat' dir='ltr'><strong>de</strong></span> <span class='ocrx_word' id='word_1_205' title='bbox 1479 3832 1727 3907; x_wconf 88' lang='lat' dir='ltr'><strong>Sicilia</strong></span> <span class='ocrx_word' id='word_1_206' title='bbox 1764 3842 2158 3905; x_wconf 89' lang='lat' dir='ltr'><strong>venturum</strong></span> <span class='ocrx_word' id='word_1_207' title='bbox 2188 3840 2553 3928; x_wconf 88' lang='lat' dir='ltr'><strong>expectat.</strong></span> 
     </span>
    </p>

    <p class='ocr_par' dir='ltr' id='par_1_9' title="bbox 362 3930 2555 4233">
     <span class='ocr_line' id='line_1_34' title="bbox 513 3930 2555 4032; baseline -0.001 -27"><span class='ocrx_word' id='word_1_208' title='bbox 513 3932 723 4005; x_wconf 89' lang='lat' dir='ltr'><strong>Tunc</strong></span> <span class='ocrx_word' id='word_1_209' title='bbox 747 3934 1156 4031; x_wconf 87' lang='lat' dir='ltr'><strong>imperator</strong></span> <span class='ocrx_word' id='word_1_210' title='bbox 1182 3934 1346 4032; x_wconf 90' lang='lat' dir='ltr'><strong>ipse</strong></span> <span class='ocrx_word' id='word_1_211' title='bbox 1377 3937 1701 4008; x_wconf 91' lang='lat' dir='ltr'><strong>barones</strong></span> <span class='ocrx_word' id='word_1_212' title='bbox 1733 3956 2001 4005; x_wconf 88' lang='lat' dir='ltr'><strong>omnes</strong></span> <span class='ocrx_word' id='word_1_213' title='bbox 2038 3942 2112 4005; x_wconf 92' lang='lat' dir='ltr'><strong>et</strong></span> <span class='ocrx_word' id='word_1_214' title='bbox 2139 3930 2464 4004; x_wconf 89' lang='lat' dir='ltr'><strong>milites</strong></span> <span class='ocrx_word' id='word_1_215' title='bbox 2446 3956 2555 4003; x_wconf 86' lang='lat' dir='ltr'><strong>m-</strong></span> 
     </span>
     <span class='ocr_line' id='line_1_35' title="bbox 362 4031 2551 4111; baseline 0.002 -10"><span class='ocrx_word' id='word_1_216' title='bbox 362 4031 708 4107; x_wconf 85' lang='lat' dir='ltr'><strong>feudatos</strong></span> <span class='ocrx_word' id='word_1_217' title='bbox 761 4037 851 4107; x_wconf 97' lang='lat' dir='ltr'><strong>ad</strong></span> <span class='ocrx_word' id='word_1_218' title='bbox 892 4034 1481 4107; x_wconf 89' lang='lat' dir='ltr'><strong>Sarracenorum</strong></span> <span class='ocrx_word' id='word_1_219' title='bbox 1537 4034 2055 4111; x_wconf 84' lang='lat' dir='ltr'><strong>confusionem</strong></span> <span class='ocrx_word' id='word_1_220' title='bbox 2109 4032 2181 4105; x_wconf 90' lang='lat' dir='ltr'><strong>in</strong></span> <span class='ocrx_word' id='word_1_221' title='bbox 2220 4031 2551 4108; x_wconf 87' lang='lat' dir='ltr'><strong>Siciliam</strong></span> 
     </span>
     <span class='ocr_line' id='line_1_36' title="bbox 365 4134 1909 4233; baseline 0.002 -30"><span class='ocrx_word' id='word_1_222' title='bbox 365 4145 608 4230; x_wconf 79' lang='lat' dir='ltr'><strong>vocat,</strong></span> <span class='ocrx_word' id='word_1_223' title='bbox 663 4145 736 4207; x_wconf 87' lang='lat' dir='ltr'><strong>et</strong></span> <span class='ocrx_word' id='word_1_224' title='bbox 771 4146 950 4207; x_wconf 90' lang='lat' dir='ltr'><strong>tunc</strong></span> <span class='ocrx_word' id='word_1_225' title='bbox 987 4135 1151 4233; x_wconf 88' lang='lat' dir='ltr'><strong>ipse</strong></span> <span class='ocrx_word' id='word_1_226' title='bbox 1190 4135 1262 4207; x_wconf 92' lang='lat' dir='ltr'><strong>in</strong></span> <span class='ocrx_word' id='word_1_227' title='bbox 1299 4135 1645 4233; x_wconf 87' lang='lat' dir='ltr'><strong>Apuliam</strong></span> <span class='ocrx_word' id='word_1_228' title='bbox 1684 4134 1909 4209; x_wconf 89' lang='lat' dir='ltr'><strong>venit.</strong></span> 
     </span>
    </p>
   </div>
   <div class='ocr_carea' id='block_1_6' title="bbox 361 4286 1292 4357">
    <p class='ocr_par' dir='ltr' id='par_1_10' title="bbox 361 4286 1292 4357">
     <span class='ocr_line' id='line_1_37' title="bbox 361 4286 1292 4357; baseline 0.003 -17"><span class='ocrx_word' id='word_1_229' title='bbox 361 4286 410 4357; x_wconf 86' lang='lat' dir='ltr'><strong>a)</strong></span> <span class='ocrx_word' id='word_1_230' title='bbox 448 4292 523 4341; x_wconf 77' lang='lat' dir='ltr'><strong>ita</strong></span> <span class='ocrx_word' id='word_1_231' title='bbox 562 4304 638 4355; x_wconf 88' lang='lat' dir='ltr'><strong>c.;</strong></span> <span class='ocrx_word' id='word_1_232' title='bbox 677 4289 834 4343; x_wconf 83' lang='lat' dir='ltr'><strong>datiis</strong></span> <span class='ocrx_word' id='word_1_233' title='bbox 873 4295 929 4345; x_wconf 80' lang='lat' dir='ltr'><strong>et</strong></span> <span class='ocrx_word' id='word_1_234' title='bbox 962 4291 1130 4344; x_wconf 79' lang='lat' dir='ltr'><strong>daciis</strong></span> <span class='ocrx_word' id='word_1_235' title='bbox 1167 4291 1292 4345; x_wconf 83' lang='lat' dir='ltr'><strong>add.</strong></span> 
     </span>
    </p>
   </div>
  </div>
 </body>
</html>
