3050 4900
9 4667 14 4692 ..-
11 4578 18 4634 ,.--ᾼ
14 4544 21 4555 q
13 4434 21 4517 ᾑ-
13 4226 22 4407 ----·

1265 460 1346 529 Α.
1411 461 1623 532 1229.
2444 462 2535 531 81

359 657 702 731 dominus
739 657 954 731 Iesus
985 657 1353 751 Christus,
1392 657 1514 749 qui
1556 666 1672 729 est
1710 657 2075 753 sapientia
2104 659 2369 754 Patris,
2408 684 2545 732 sua

361 761 576 831 solita
616 758 1080 855 providentia
1122 759 1231 831 sic
1267 758 1661 849 ordinavit
1701 761 1895 853 quod
1935 759 2291 833 solda-nus
2331 762 2545 835 resti-

360 858 576 933 tuit³2
627 868 969 931 sanctam
1024 859 1489 931 iherusalem
1547 857 1693 971 ipsi
1747 858 2176 970 imperatori
2228 872 2303 933 et
2358 862 2547 934 chri-
2567 871 2727 925 Febr

362 960 628 1033 stianis
669 984 842 1031 cum
879 964 1224 1032 omnibus
1264 960 1695 1031 tenimentis
1754 960 1937 1055 suis7
1994 972 2309 1059 excepto
2352 966 2546 1059 quod
2607 944 2693 999 18.

362 1062 726 1157 templum
779 1060 1076 1132 Domini
1128 1064 1436 1135 deberet
1487 1084 1661 1133 esse
1716 1058 1786 1129 in
1828 1062 2161 1134 custodia
2199 1063 2547 1136 Sar-racc

366 1186 658 1255 norum,
713 1162 882 1273 quia
939 1162 1056 1232 (liu
1111 1171 1667 1233 consueverant
1720 1183 1935 1232 oiare
1985 1161 2324 1258 ibidem⁷
2342 1174 2417 1236 et
2472 1175 2550 1236 ut

361 1262 678 1333 liberum
715 1261 1092 1332 introitum
1127 1272 1201 1335 et
1232 1263 1508 1334 exitum
1542 1264 1866 1334 habeant
1894 1262 2067 1333 illuc
2097 1267 2547 1336 accedentes

365 1362 720 1433 orationis
791 1386 1056 1456 causa,
1139 1374 1214 1434 et
1283 1362 1709 1435 christianis
1780 1361 2121 1435 similiter
2191 1365 2549 1437 orationis

364 1486 592 1535 causa
647 1462 742 1533 sit
792 1464 1239 1560 expositum.
1350 1464 1607 1534 Villam
1663 1462 1890 1533 etiam
1946 1488 2087 1559 que
2140 1464 2403 1537 dicitur
2456 1469 2547 1539 ad

361 1562 724 1635 Sanctum
763 1562 1168 1659 Georgium
1225 1573 1301 1633 et
1349 1564 1630 1635 casalia
1682 1588 1825 1659 que
1880 1576 2055 1635 sunt
2104 1590 2193 1635 ex
2236 1576 2549 1663 utraque

364 1672 578 1759 parte
617 1662 734 1734 vie
775 1688 1010 1760 usque
1041 1664 1504 1735 lherusalem
1544 1663 1876 1735 reddidit,
1939 1664 2331 1737 Bethleem
2372 1691 2549 1763 quo-

365 1787 512 1860 que
559 1774 633 1834 et
683 1764 958 1835 casalia
1016 1788 1158 1861 que
1212 1775 1387 1836 sunt
1441 1764 1637 1835 inter
1688 1766 1931 1861 ipsam
1972 1776 2049 1836 et
2085 1766 2548 1839 lherusalem

361 1863 704 1936 restituit.
811 1866 1180 1937 Nazareth
1241 1867 1462 1938 etiam
1521 1890 1691 1937 cum
1749 1866 1905 1938 suis
1961 1866 2423 1963 tenimentis7
2478 1877 2553 1939 et

367 1988 536 2035 cum
603 1966 975 2037 casalibus
1037 1990 1182 2061 que
1237 1976 1414 2037 sunt
1466 1967 1659 2037 inter
1708 1968 1960 2037 Accon
2022 1978 2098 2038 et
2149 1968 2549 2062 Nazareth,

365 2065 677 2137 reddidit
699 2066 768 2136 in
797 2090 1065 2135 manus
1091 2066 1691 2137 christianorum.
1749 2066 2141 2139 Redditum
2175 2079 2293 2139 est
2322 2069 2550 2140 etiarn

365 2176 696 2236 castrum
727 2165 1070 2235 Zorontis
1111 2189 1280 2236 cum
1323 2166 1476 2237 suis
1513 2168 1947 2238 tenimentis
1977 2166 2446 2264 pertinentiis
2479 2179 2553 2240 et

364 2264 582 2336 villis.
639 2266 793 2335 Nec
821 2290 968 2335 non
1001 2265 1378 2336 civitatem
1413 2265 1815 2338 Guidonis⁸
1856 2291 2024 2338 cum
2057 2278 2209 2339 tota
2242 2268 2550 2365 planitie

365 2388 510 2461 que
568 2365 704 2437 sibi
755 2366 1017 2438 attinet
1066 2366 1418 2463 reddidit,
1474 2368 1635 2438 set*
1686 2390 1953 2439 omnes
2006 2377 2288 2464 terras⁷
2361 2392 2549 2466 quas

368 2466 748 2538 christiani
806 2478 1146 2564 tempore
1195 2468 1402 2564 pacis
1458 2469 1835 2541 habebant
1887 2479 1979 2548 et,
2009 2469 2083 2540 in
2122 2494 2309 2566 pace
2344 2481 2552 2542 tene-

369 2572 564 2639 bant.
633 2568 916 2640 Licebit
950 2579 1204 2640 autem
1245 2593 1335 2639 ex
1373 2580 1593 2665 pacto
1632 2569 2063 2660 imperatori
2108 2581 2180 2642 et
2214 2570 2551 2643 christia-

367 2667 482 2738 nis
546 2667 1036 2738 rehedificare
1101 2669 1476 2740 civitatem
1535 2680 1873 2742 sanctam
1938 2671 2402 2742 Iberusalem
2478 2671 2550 2742 in

367 2767 598 2838 muris
649 2777 726 2837 et
778 2769 1126 2861 turribus,
1197 2779 1522 2840 castrum
1580 2770 1861 2866 Ioppen
1920 2781 1992 2841 et
2049 2780 2399 2842 castrum
2418 2773 2554 2844 Ce-

368 2891 624 2962 saree7
693 2869 1020 2938 Mentem
1072 2869 1370 2939 Fortem
1439 2880 1513 2940 et
1578 2880 1907 2940 castrum
1968 2894 2287 2964 novum,
2358 2873 2552 2967 quod

369 2965 646 3038 firmari
696 2969 838 3039 hoc
895 2993 1090 3040 anno
1146 2969 1526 3085 inceptum
1582 2979 1699 3042 est
1733 2969 1806 3040 in
1846 2970 2245 3042 montanis,
2350 2971 2553 3042 Ver-i-

371 3068 608 3138 simile
640 3071 838 3140 enim
870 3068 1182 3162 videtur,
1223 3073 1417 3166 quod
1450 3070 1510 3142 si
1542 3081 1716 3142 tunc
1745 3070 2155 3166 imperator
2182 3095 2351 3143 cum
2384 3097 2551 3168 gra-

368 3168 467 3239 tia
501 3179 574 3240 et
601 3194 785 3264 pace
816 3171 1153 3242 Romane
1195 3171 1516 3242 ecclesie
1555 3171 1981 3264 transisset,
2019 3172 2243 3267 longe
2282 3172 2553 3246 melius

371 3279 446 3339 et
509 3269 888 3342 efficacius
959 3281 1484 3367 prosperatum
1557 3271 1825 3343 fuisset
1897 3272 2282 3366 negotium
2354 3283 2553 3344 terre

371 3380 652 3440 sancte.
717 3371 847 3442 Set
887 3381 1240 3466 quantam
1280 3371 1351 3440 in
1395 3373 1555 3468 ipsa
1589 3397 1725 3443 sua
1757 3373 2359 3468 peregrinatione
2391 3397 2555 3468 per-

371 3471 836 3542 secutionem
893 3470 1282 3566 pertulerit
1331 3476 1421 3543 ab
1477 3473 1825 3566 ecclesia,
1881 3497 2051 3544 cum
2109 3498 2255 3544 non
2310 3475 2555 3546 solum

371 3574 566 3666 quod
618 3595 750 3668 pro
805 3571 997 3643 velle
1049 3571 1298 3668 ipsum
1341 3573 1685 3644 dominus
1725 3597 1916 3670 papa
1956 3574 2556 3646 excommunica-

367 3671 596 3764 verit,
668 3694 933 3742 verum
999 3673 1222 3743 etiam
1281 3677 1472 3768 quod
1523 3675 1769 3770 ipsum
1825 3674 2555 3746 excommunicatum

372 3770 652 3842 scirent
703 3781 776 3842 et
819 3782 1204 3866 tamquam
1246 3774 1977 3846 excommunicatum
2016 3775 2340 3845 vitarent
2375 3798 2557 3846 eun-

371 3874 543 3944 dem
582 3872 1006 3968 patriarche
1043 3873 1691 3946 iherosolimitano
1731 3874 2138 3970 mandavit
2176 3874 2557 3970 magistris

371 3975 762 4044 domorum
809 3973 1220 4086 Hospitalis
1279 3986 1353 4046 et
1405 3975 1727 4088 Templi:
1797 3985 2104 4071 propter
2154 3977 2350 4069 quod
2406 3999 2555 4046 non

372 4076 656 4169 absque
711 4075 822 4146 sui
884 4073 1229 4146 culminis
1284 4078 1495 4171 gravi
1548 4073 1813 4146 iniuria
1854 4075 2185 4147 suumin
2226 4076 2556 4148 exercitu

375 4173 778 4246 christiano
848 4174 1070 4246 iussit
1129 4175 1567 4272 preconium
1623 4175 2015 4272 subticeri
2088 4186 2163 4248 et
2217 4201 2311 4249 ne
2358 4187 2559 4249 terre

369 4289 420 4362 a)
461 4290 692 4364 Sydonis
729 4295 784 4349 2.
827 4293 880 4348 3.
1029 4296 1086 4363 b)
1127 4298 1217 4350 scd
1259 4303 1312 4350 et
1347 4295 1402 4350 2.
1441 4296 1494 4349 3.
1812 4293 1913 4377 32)
1964 4315 2019 4356 v.
2067 4294 2254 4374 Legg.
2299 4295 2371 4369 ll,
2416 4296 2559 4358 260.
