3050 4900
1091 473 1172 544 A.
1239 474 1751 560 1195-1197.
2436 475 2522 544 17

592 674 954 746 Pessimus·
982 674 1340 767 Alhoinus,
1380 673 1807 766 Landulf'us,
1847 673 2111 744 Servus
2144 671 2479 767 Aquinate,

439 773 692 847 Petrus
727 775 1120 870 Roqyerus,
1162 775 1518 868 Philippus
1556 775 1765 844 valde
1800 797 2109 856 severuS,

443 874 710 968 Syrnon
749 882 817 946 et
851 875 1200 968 Andreas,
1239 874 1631 960 Adenulfus
1668 881 1747 944 ut
1780 875 1965 946 alter
1998 874 2261 969 Ε96α3,

443 975 630 1046 Sunt
659 978 756 1046 hit·
791 983 1102 1047 rectores
1135 999 1265 1070 per
1301 999 1477 1070 quos
1513 981 1896 1046 servantur
1928 973 2259 1046 honores.

443 1076 566 1146 Hic·
601 1077 875 1147 dictant
909 1075 1112 1168 bella,
1153 1076 1380 1168 cedar,
1417 1074 2087 1169 inmensaflayella,

445 1175 720 1248 Dantes
757 1177 1060 1248 edictum
1077 1204 1108 1268 ‚-
1161 1198 1661 1247 veneremurne
1701 1175 2199 1248 Benedictum?

495 1277 600 1348 Eo
649 1287 990 1373 tempore
1046 1276 1286 1348 dictus
1326 1275 1729 1348 Riccardus
1765 1277 2215 1348 Acer-rarum
2270 1295 2531 1346 comes

347 1399 666 1472 regnum
726 1377 928 1450 exire
983 1377 1275 1449 occulte
1331 1376 1595 1448 volens
1649 1387 1722 1448 et
1772 1401 1815 1448 a
1867 1376 2057 1448 facie
2095 1376 2359 1472 fugere
2399 1374 2531 1446 im-

350 1479 746 1573 peratoris7
803 1478 1082 1550 relictis
1141 1478 1550 1575 Campania
1612 1487 1687 1550 et
1736 1476 2141 1574 Burgentia
2188 1475 2534 1548 munitio-

349 1578 565 1650 nibus
621 1602 806 1676 quas
866 1583 1210 1671 tenebat,
1283 1578 1617 1675 proditus
1678 1603 1723 1650 a
1775 1581 2097 1675 quodam
2156 1577 2323 1649 albo
2378 1600 2533 1648 mo-

349 1681 592 1751 nacho
633 1679 747 1750 cui
781 1703 866 1751 se
897 1681 1338 1774 crediderat,
1377 1689 1639 1776 captus
1673 1704 1714 1750 a
1748 1679 1892 1750 iam
1924 1677 2117 1778 (licto
2147 1678 2534 1775 Dyopuldo

351 1789 468 1850 est
498 1791 571 1852 et
602 1779 936 1852 custodie
965 1781 1278 1852 traditus
1309 1779 1695 1873 carcerali7
1734 1779 1975 1852 cesari
2010 1779 2535 1874 assignandus.

353 1879 493 1966 Oui
532 1884 624 1953 de
658 1881 1102 1953 Alamannia
1144 1881 1815 1953 Guarmaciensem
1854 1879 2295 1978 episcopum
2338 1878 2541 1950 misit

350 1981 683 2076 legatum
724 1981 794 2052 in
835 2006 1180 2078 regnum7
1220 1982 1344 2078 qui
1373 1982 1783 2079 Neapolym
1822 1981 2137 2053 veniens
2178 2004 2349 2052 cum
2388 1979 2535 2052 iam

353 2081 566 2154 dictis
620 2083 1014 2156 Casinensi
1069 2085 1333 2155 abbate
1386 2082 1669 2154 Latinis
1723 2083 1946 2154 etiam
2010 2081 2171 2153 aliis
2225 2091 2297 2152 et
2350 2081 2537 2152 Teu-

350 2182 648 2278 tonicis7
674 2183 1063 2280 imperiale
1093 2183 1415 2280 implens
1442 2186 1874 2255 mandatum
1897 2182 2249 2279 Neapolis
2282 2205 2537 2254 muros

277 2283 282 2288 ’
355 2293 430 2355 et
464 2287 722 2380 Capue
760 2283 1090 2356 funditus
1129 2282 1306 2355 fecit
1342 2283 1598 2356 everti.

1327 2448 1574 2538 1197.

505 2583 921 2681 Imperator
969 2584 1134 2681 ipse
1180 2588 1272 2657 de
1320 2585 1764 2658 Alamannia
1820 2586 2145 2681 rediens,
2201 2587 2725 2684 assigna—1196.

356 2696 515 2756 tuin
568 2686 704 2758 sibi
755 2710 797 2755 a
834 2686 1222 2781 Dyopuldo
1293 2710 1510 2759 rocce
1548 2687 1759 2758 Arcis
1818 2687 2225 2760 castellano
2264 2688 2541 2761 dictum

356 2788 805 2858 Acerrarum
861 2785 1240 2880 comitem,
1298 2810 1468 2858 cum
1516 2798 1697 2883 aput
1732 2789 2065 2884 Capuam
2110 2789 2390 2861 curiam
2430 2813 2544 2861 re-

360 2896 576 2983 geret
611 2888 1078 2983 generalem,
1123 2888 1316 2958 trahi
1355 2886 1677 2983 primum
1718 2892 1809 2960 ab
1850 2912 2043 2985 equo
2081 2914 2217 2985 per
2254 2889 2545 3003 plateas

361 2989 654 3085 Capua,
735 2998 809 3060 et
876 2990 1181 3059 demum
1254 3012 1476 3060 verso
1553 2991 1903 3060 deorsum
1978 2989 2219 3088 capite
2292 2990 2547 3063 vivum

363 3088 723 3185 suspendi
779 3088 999 3162 iubet.
1095 3088 1338 3175 Quem
1391 3089 1773 3162 viventem
1825 3102 1998 3187 post
2052 3091 2350 3163 biduum
2392 3092 2547 3189 qui-

363 3192 536 3262 dam
592 3188 1068 3303 imperatoris
1123 3189 1351 3283 ystrio
1402 3190 1855 3263 Teutonicus
1896 3193 2349 3287 cognomine
2384 3194 2439 3265 F
2444 3194 2547 3264 ol

364 3290 483 3362 lis
524 3301 602 3361 ut
638 3290 781 3387 ipsi
821 3290 1253 3387 imperatori
1294 3291 1651 3388 placeret,
1694 3291 1923 3388 ligato
1964 3295 2051 3365 ad
2075 3304 2347 3407 ‘guttur
2385 3294 2547 3367 eius

365 3415 514 3462 non
567 3415 800 3488 parvo
857 3390 1122 3487 lapidis
1166 3394 1536 3489 pondere,
1590 3393 1841 3491 ipsum
1894 3394 2211 3491 turpiter
2248 3394 2546 3467 exalare

369 3494 634 3587 coegit.
731 3492 936 3567 Tunc
973 3492 1384 3588 imperator
1417 3493 1583 3590 ipse
1640 3496 2077 3590 generalem
2129 3496 2261 3568 toti
2310 3516 2732 3593 regn01197.

369 3593 761 3665 collectam
800 3593 1133 3689 imponit.
1229 3593 1491 3665 Tunc
1472 3619 1637 3692 lpse
1675 3597 2106 3693 Dyopuldus
2144 3621 2283 3695 per
2315 3598 2550 3694 impe-

369 3704 696 3767 ratorem
753 3718 1010 3767 comes
1050 3694 1289 3767 factus
1331 3705 1448 3768 est
1481 3697 1953 3769 Acerrarum.
2061 3699 2267 3769 Tunc
2324 3698 2550 3769 etiam

369 3796 578 3867 Oddo
621 3796 850 3867 frate1
885 3796 1120 3892 ipsius
1162 3799 1250 3868 ad
1289 3802 1871 3894 expugnandum
1901 3822 2199 3870 roccam
2229 3796 2551 3895 Siccam,

367 3898 442 3968 in
482 3922 624 3993 qua
667 3920 750 3969 se
789 3897 1213 3990 Raynaldus
1256 3910 1330 3970 et
1363 3898 1770 3971 Landulfus
1809 3902 1901 3970 (le
1936 3898 2227 3995 Aquino
2280 3899 2549 3973 [ratres

369 4010 628 4070 contra
669 3998 1200 4095 imperatorem
1241 4010 1713 4097 receperant,
1767 4002 1855 4071 ab
1894 3999 2059 4097 ipso
2097 4000 2550 4095 imperatore

368 4099 747 4195 dirigitur3
803 4110 878 4169 et
930 4098 1092 4196 ipse
1143 4123 1227 4171 se
1282 4101 1571 4172 confert
1617 4100 1689 4171 in
1744 4099 2071 4173 Siciliam
2119 4098 2553 4199 imperator⁷

369 4200 491 4271 ubi
532 4204 619 4271 ad
663 4223 746 4271 se
785 4201 948 4271 duci
989 4200 1548 4297 imperatricem
1586 4201 1808 4274 iubet.
1888 4199 2052 4286 Qua
2091 4200 2161 4271 in
2203 4202 2550 4274 Panormi

369 4303 643 4397 palatio
677 4303 1101 4397 constituta⁷
1141 4304 1439 4399 quidam
1472 4302 1911 4375 Guilielmus
1944 4304 2388 4400 monachus,
2428 4302 2550 4400 qui
