3050 4900
1205 468 1284 539 A.
1332 469 1560 602 3²4²·
1626 470 1836 543 1243.
2473 470 2614 584 455

579 669 844 749 Mense
867 667 1027 739 lulii
1055 667 1470 764 imperator
1495 670 1587 739 ad
1621 692 1897 765 papam
1925 666 2147 739 mittit
2172 678 2352 767 aput
2368 670 2615 765 Anag-

429 768 624 841 niam
655 770 1065 842 Berardum
1098 767 1711 839 panormitanum
1742 767 2421 865 archiepiscopum„
2457 794 2613 841 ma·

425 869 745 965 gistrum
797 869 1097 941 Petrum
1152 872 1244 941 de
1301 866 1533 940 Vinea
1603 877 1678 939 et
1730 868 2179 964 magistrum
2229 869 2612 943 Taddeum

426 973 518 1042 de
571 971 856 1043 Suessa
905 994 1040 1067 pro
1097 974 1288 1041 bono
1339 968 1585 1065 pacis5
1640 993 1683 1041 a
1722 993 1867 1065 quo
1910 969 2235 1066 benigne
2273 971 2455 1041 satis
2496 995 2610 1042 re-

425 1070 616 1166 cepti
657 1080 858 1165 sunt,
902 1080 977 1141 et
1013 1068 1419 1166 benignum
1458 1072 1551 1141 ad
1594 1068 2003 1167 principem
2046 1066 2460 1142 retulerunt
2496 1094 2609 1142 re-

425 1195 814 1269 sponsum.

568 1290 851 1361 Eodem
890 1310 1157 1363 mense
1196 1286 1356 1361 Iulii
1392 1287 1779 1365 discursus
1834 1290 2187 1380 syderum
2243 1290 2332 1359 de
2387 1298 2605 1360 nocte

315 1436 322 1443 -
424 1390 630 1462 visus
687 1398 805 1463 est
855 1387 928 1461 in
982 1387 1176 1459 festo
1217 1388 1457 1461 sancti
1492 1388 1765 1484 lacobi,
1819 1388 1915 1461 ita
1958 1398 2038 1460 ut
2077 1412 2307 1461 unum
2347 1398 2605 1461 contra

420 1491 737 1561 alterum
780 1487 995 1585 quasi
1031 1488 1296 1560 hostes
1337 1488 1843 1584 insurgerent,
1900 1499 1973 1560 et
2021 1488 2217 1560 inter
2252 1512 2336 1561 se
2376 1488 2604 1561 hosti·

417 1590 585 1665 liter
636 1588 1096 1659 dimicarent.
1221 1589 1429 1659 Tunc
1485 1588 1745 1661 civitas
1800 1588 2099 1661 Viterbii
2153 1600 2601 1685 procurante

419 1689 781 1786 magistro
820 1686 1191 1781 Raynerio
1233 1686 1585 1760 cardinali
1626 1689 1829 1760 venit

564 1812 830 1861 mense
883 1788 1201 1884 Augusti
1257 1792 1348 1861 ad
1403 1792 1840 1861 mandatum
1894 1787 2257 1884 ecclesie,
2326 1790 2599 1864 comite

411 1890 720 1963 Simone
775 1889 1139 1963 Theatino
1194 1913 1327 1987 pro
1375 1888 1837 1987 imperatore
1892 1912 1976 1963 se
2028 1899 2333 1963 tenente
2372 1890 2444 1961 in
2487 1914 2597 1962 ea.

410 1991 574 2077 Quo
607 1989 852 2061 audito
881 1988 1293 2089 imperator
1318 2014 1494 2060 mox
1525 1990 1689 2059 sine
1720 2014 1931 2061 more
1963 1991 2293 2086 periculo
2325 2015 2409 2062 se
2433 2016 2598 2089 per-

414 2090 775 2161 sonaliter
812 2086 1123 2158 contulit

559 2211 826 2261 mense
847 2186 1314 2284 Septembris
1346 2190 1436 2261 ad
1467 2211 1911 2261 succursum
1934 2188 2243 2286 predicti
2276 2190 2597 2284 comitis,

412 2300 486 2365 et
521 2293 613 2363 ad
653 2287 1306 2385 recuperationem
1348 2287 1666 2363 civitatis
1706 2288 1969 2386 ipsius7
2020 2300 2093 2361 et
2133 2300 2593 2386 congregato

409 2390 744 2464 exercitu
785 2388 1088 2486 copioso
1129 2388 1424 2463 obsedit
1461 2413 1658 2484 eam,
1697 2400 1771 2462 et
1810 2390 2107 2464 statutis
2131 2401 2158 2434 ⁸
2196 2389 2593 2489 machiniS,

405 2503 560 2564 tam
601 2490 779 2564 viris
815 2515 1040 2587 quam
1073 2490 1348 2564 viribus
1383 2491 1539 2563 dire
1568 2491 1751 2563 satis
1780 2490 2223 2588 inpugnavit
2251 2493 2593 2564 eandem.

407 2592 548 2680 Qui
581 2616 750 2664 cum
783 2591 854 2663 in
887 2591 1086 2665 nullo
1119 2590 1542 2688 proficeret,
1577 2601 1883 2689 recepto
1918 2601 1992 2663 et
2020 2592 2251 2664 libero
2278 2591 2591 2665 dimisso

409 2717 499 2768 ex
539 2702 754 2791 pacto
811 2691 1083 2763 comite
1142 2691 1474 2790 predicto
1525 2703 1599 2764 et
1649 2693 1805 2766 suis
1846 2693 1970 2790 qui
2010 2715 2177 2763 cum
2221 2717 2309 2764 eo
2350 2703 2591 2788 erant,

405 2797 497 2867 ab
537 2792 922 2866 obsidione
961 2791 1304 2886 recessit,
1343 2802 1416 2864 et
1453 2791 1625 2867 inde
1664 2792 2110 2864 Grossetum
2142 2816 2227 2864 se
2257 2793 2589 2889 contulit⁷

407 2893 527 2966 ubi
590 2894 957 2989 quasdam
1013 2891 1236 2966 edidit
1297 2893 1730 2965 sanctiones
1794 2903 2054 2965 contra
2116 2891 2401 2965 iudices
2464 2895 2587 2966 ad·

400 3003 711 3067 vocatos
751 3003 824 3065 et
863 2993 1224 3087 notarios,
1279 3017 1466 3088 quas
1507 3017 1641 3090 per
1690 3004 1923 3065 toturn
1982 3017 2301 3088 regnum
2356 2993 2588 3092 publi-

401 3093 550 3167 cari
589 3093 927 3192 precepit
965 3103 1039 3165 et
1072 3093 1440 3167 tenaciter
1477 3093 1889 3188 observari,
1943 3117 2256 3190 quarum
2300 3093 2584 3166 initium

397 3195 547 3272 tale
598 3205 750 3271 est:
817 3193 1050 3266 Nichit
1102 3199 1408 3266 veterum
1467 3197 1837 3267 actoritati
1886 3193 2302 3268 detrahitur.
2410 3195 2581 3291 Ipso

397 3318 666 3368 mense
703 3293 1168 3388 Septembris
1210 3317 1468 3366 comes
1497 3295 1919 3369 Tolosanus
1958 3297 2049 3366 de
2076 3294 2341 3391 Apulia
2379 3294 2585 3366 venit

354 3450 361 3461 .
398 3396 490 3466 ad
527 3393 886 3466 Sanctum
943 3392 1432 3486 Germanum7
1485 3393 1735 3490 ibique
1772 3419 2061 3468 moram
2104 3395 2581 3492 protrahens⁷

395 3495 566 3566 inde
623 3515 890 3565 versus
943 3492 1346 3589 Aquinum,
1402 3503 1476 3564 et
1532 3505 1797 3591 postea
1852 3505 2032 3593 aput
2068 3496 2429 3568 Sanctum
2470 3495 2581 3565 Vi-

394 3605 552 3666 tum
605 3596 696 3665 de
747 3591 973 3665 Melfa
1026 3617 1112 3665 se
1152 3593 1485 3690 contulit⁷
1539 3594 1785 3694 ibique
1826 3621 2042 3668 suam
2082 3620 2218 3694 per
2254 3597 2413 3668 dies
2452 3594 2579 3666 ali-

395 3704 572 3791 quot
613 3694 1088 3767 venationem
1130 3694 1479 3767 exercuit.

546 3813 806 3885 Mense
839 3812 1180 3885 Octobris
1221 3815 1415 3884 circa
1457 3813 1732 3884 festum
1773 3813 2106 3884 omnium
2141 3823 2573 3886 sanctorum

391 3913 868 3988 Innocentius
909 3938 1102 4010 papa
1142 3915 1416 3988 Urbem
1466 3917 1692 3986 intrat
1730 3938 1900 3986 cum
1939 3915 2224 3986 honore
2264 3925 2574 3986 senatus

393 4015 796 4112 populique
835 4014 1151 4086 Romani
1191 4038 1467 4110 magno
1507 4025 1895 4112 receptus3
1940 4018 2029 4087 ad
2071 4039 2293 4112 quem
2334 4015 2573 4088 dictus

391 4197 440 4263 a)
480 4199 669 4252 statius
711 4216 755 4250 c.

1921 4275 2065 4344 11·
