3050 4900
1138 466 1218 536 Α.
1283 435 1796 542 moa-4208.
2456 468 2553 542 27

365 666 707 761 eosdem,
761 676 1020 764 strage
1069 689 1346 763 magna
1400 667 1594 739 facta
1650 689 1743 739 ex
1794 667 1905 740 eis
1946 677 2021 740 et
2056 666 2411 742 Giffrido·
2462 671 2555 742 de

365 767 618 839 Monte
661 767 1006 863 FuscolQ
1062 789 1286 865 quem
1345 765 1483 840 sibi
1538 767 2016 866 capitaneum
2058 769 2556 867 prefecerant,

366 877 588 965 capto
627 878 702 940 et
737 867 1052 940 vinculis
1093 867 1542 966 mancipato.

1339 1063 1589 1156 1208.

517 1221 781 1296 Mense
841 1221 1160 1296 Ianuarii
1222 1221 1296 1296 in
1369 1221 1621 1320 vigilia
1692 1220 2115 1319 epyphanie
2176 1221 2553 1296 Roffridus
2588 1242 2705 1286 Ann-

367 1321 808 1396 Casinensis
857 1326 1087 1398 abbas
1140 1323 1488 1422 superius
1528 1333 2023 1419 memoratus,
2077 1319 2557 1420 congregatis
2576 1301 2727 1346 ⁰⁸¹⁸·

367 1422 719 1496 militibus
777 1433 852 1495 et
902 1424 1403 1498 servientibus
1460 1434 1661 1496 terre
1713 1447 1851 1498 sue
1905 1433 1981 1494 et
2016 1427 2379 1498 baronum
2420 1422 2557 1496 cir-

367 1524 990 1623 cumpositorum,
1041 1524 1164 1624 qui
1217 1523 1356 1598 sibi
1409 1549 1500 1598 ex
1536 1523 1777 1621 gratia
1835 1522 2155 1597 libenter
2192 1525 2558 1621 obseque-

367 1628 662 1720 bantur7
720 1649 866 1716 una
916 1648 1086 1698 cum
1143 1623 1464 1697 dominis
1500 1623 1772 1720 Aquini
1842 1634 1915 1695 et
1964 1623 2377 1722 Malgeriob
2426 1624 2558 1696 So-

366 1724 552 1796 rello
617 1724 994 1798 civitatem
1052 1725 1240 1799 Sore
1294 1724 1865 1824 procurantibus
1921 1725 2064 1798 hoc
2114 1725 2561 1823 quibusdam

367 1824 606 1923 ipsius
680 1825 966 1901 abbatis
1041 1825 1624 1924 consanguineis
1699 1824 1822 1923 qui
1892 1827 1986 1900 de
2056 1828 2245 1899 Sora
2319 1835 2559 1920 erant,

370 1937 736 1999 nocturno
774 1937 1118 2025 tempore
1157 1927 1406 2024 intrat,
1460 1950 1781 2024 eamque
1824 1927 1914 1998 ad
1954 1950 2144 2026 opus
2183 1922 2447 2024 recipit
2485 1935 2560 2000 et

369 2023 804 2102 fidelitatem
858 2027 1268 2101 Innocentii
1323 2051 1539 2128 pape.
1644 2025 1786 2116 Qui
1836 2025 1909 2098 in
1952 2049 2395 2102 succursum
2434 2030 2561 2100 ab·

369 2127 560 2206 batis
599 2127 837 2225 ipsius
878 2127 1102 2200 mittit
1124 2127 1592 2225 Stephanum
1633 2129 1724 2200 de
1752 2126 2187 2200 Fossanova
2226 2149 2560 2202 camera-

367 2227 562 2299 rium
602 2252 822 2300 suum
865 2250 1033 2301 cum
1075 2227 1386 2300 exfortio
1428 2227 1743 2299 militum
1783 2225 2383 2326 Campanorum3
2436 2225 2558 2325 qui

368 2329 796 2404 Conradum
835 2338 1014 2399 tunc
1043 2329 1229 2402 Sore
1270 2328 1624 2402 comitem
1660 2351 1744 2402 se
1774 2325 1846 2398 in
1877 2327 2166 2400 Sorella
2196 2325 2560 2439 recipien-

369 2437 524 2505 tem
583 2439 820 2502 arctat
873 2438 949 2503 et
998 2429 1314 2527 obsidet,
1369 2439 1442 2502 et
1493 2428 1691 2503 male
1744 2426 1882 2501 sibi
1922 2438 2319 2503 caventem
2357 2437 2559 2503 intus

369 2530 740 2607 Sol-ellam
797 2530 1032 2629 cepit,
1104 2531 1227 2628 qui
1285 2554 1416 2629 pro
1474 2554 1611 2603 sua
1676 2530 2195 2629 redemptione
2258 2553 2557 2602 roccam

369 2630 582 2703 Arcis
643 2630 714 2703 in
783 2656 1052 2705 manus
1116 2631 1288 2706 dicti
1352 2631 1746 2704 camerarii
1810 2630 2245 2729 resignavit.
2352 2629 2562 2702 Tunc

371 2730 600 2803 etiam
630 2732 994 2805 Broccum
1037 2741 1109 2803 et
1138 2732 1484 2807 Pesclum
1513 2730 1851 2805 Solidum
1882 2731 2155 2805 amisit.
2226 2732 2332 2805 Eo
2362 2755 2559 2801 anno

369 2830 851 2907 Innocentius
900 2856 1097 2930 papa
1147 2832 1220 2903 in
1274 2832 1526 2928 vigilia
1566 2831 1805 2905 sancti
1845 2830 2197 2904 Iohannis
2238 2830 2560 2927 baptiste

371 2956 641 3007 mense
687 2932 873 3004 lunii
928 2932 1130 3005 venit
1180 2936 1271 3005 ab
1311 2932 1504 3005 Urbe
1543 2935 1633 3003 ad
1670 2931 2033 3007 Sanctum
2070 2931 2562 3027 Germanum,

373 3032 494 3107 ubi
549 3036 640 3105 ab
691 3032 855 3131 ipso
911 3037 1176 3109 abbate
1215 3032 1544 3106 Roffrido
1584 3030 1986 3129 magnifice
2023 3041 2379 3129 receptus
2420 3042 2563 3128 est,

370 3144 447 3205 et
501 3143 657 3205 tam
711 3134 874 3231 ipse
927 3159 1151 3230 quam
1207 3134 1479 3205 fratres
1533 3132 1647 3205 sui
1703 3133 1956 3206 domni
2012 3132 2430 3206 cardinales
2486 3133 2559 3205 in

370 3233 826 3307 necessariis
864 3234 1212 3311 omnibus
1253 3232 1662 3306 honorifice
1700 3233 2099 3332 procurati.
2192 3233 2400 3307 Tunc
2438 3257 2563 3305 ve-

373 3334 666 3406 nientes
729 3338 820 3409 ad
883 3335 1132 3433 ipsum
1194 3335 1460 3407 Petrus
1525 3337 1617 3407 de
1681 3335 1959 3409 Celano
2024 3344 2098 3407 et
2155 3334 2561 3409 Riccardus

369 3436 769 3511 Fundanus
809 3435 1152 3531 comites,
1191 3459 1360 3509 cum
1401 3435 1511 3509 eis
1550 3438 1641 3507 de
1676 3459 2041 3509 succursu
2070 3435 2273 3533 regis
2305 3435 2565 3507 statuit

367 3534 734 3609 Frederici
785 3546 860 3609 et
913 3539 1003 3610 de
1060 3536 1500 3611 defensione
1556 3536 1809 3633 regni,
1870 3536 1944 3608 in
2002 3538 2201 3610 hunc
2252 3539 2555 3609 modum

370 3636 748 3710 videlicet:

528 3737 617 3811 Ut
647 3740 784 3833 ipsi
811 3739 1102 3811 comites
1127 3740 1270 3811 sint
1293 3739 1626 3832 mayistri
1650 3738 2032 3831 capitanei,
2068 3738 2320 3833 quibus
2346 3758 2559 3829 super

367 3836 504 3909 hiis
539 3861 783 3909 omnes
809 3838 1186 3911 intendant
1209 3864 1255 3911 a
1288 3838 1596 3911 Salerno
1626 3860 1844 3933 usque
1876 3838 2341 3931 Ceperanum,
2376 3838 2563 3916 sicut

369 3962 417 4009 a
455 3940 648 4010 mari
681 3959 900 4035 usque
938 3939 1038 4011 ad
1075 3962 1278 4011 mare
1305 3937 1762 4034 protenditur
1794 3943 2071 4011 tractus
2108 3944 2315 4031 terre,
2350 3936 2556 4009 salvo

367 4044 638 4111 statuto
675 4040 898 4137 reque,
953 4062 1091 4135 quo
1131 4038 1534 4111 Celanenst's
1573 4060 1833 4131 comest,
1887 4044 1952 4109 et
1986 4039 2331 4133 maqister
2362 4038 2558 4115 iusti-

367 4140 623 4211 tiarius
658 4138 900 4235 Apuh'e
938 4143 1006 4211 et
1039 4144 1224 4211 terre
1258 4139 1591 4232 Laboris,
1630 4144 1695 4211 et
1728 4138 1933 4210 salvo
1970 4136 2323 4211 mandato
2360 4140 2556 4235 reyio

367 4310 416 4381 a)
457 4307 598 4363 Gifff·
635 4328 682 4365 c.
828 4311 882 4382 b)
920 4308 1128 4379 Malge?
1166 4324 1214 4362 c.
1954 4386 1995 4457 3
2020 4384 2047 4414 ·
