3050 4900
1125 454 1205 533 Α.
1268 454 1478 529 1232.
1546 456 1758 529 1233.
1800 404 1808 411 ’
2390 460 2533 531 119

341 660 588 742 forma
627 655 946 750 antiqua.
1053 654 1160 727 De
1209 657 1366 732 iun.-
1395 652 1522 725 lim'.
1554 653 1765 747 idem,
1818 653 1910 747 de
1940 656 2093 727 iure
2125 678 2531 732 cannarum

336 756 553 847 idem,
607 754 694 827 de
745 755 924 829 lana
978 754 1184 848 Syrie
1234 754 1458 847 idem,
1511 753 1600 826 de
1648 754 1997 827 bambace
2049 756 2389 851 similiter,
2442 758 2531 831 de

346 880 526 929 arcu
565 858 884 927 coc-tonis
918 854 1124 927 idem.
1473 883 1476 886 ·

495 954 777 1028 Eodem
839 977 1108 1027 mense
1162 954 1468 1051 Egidius
1523 954 1958 1039 Yerracclus
2021 956 2275 1030 domni
2337 980 2531 1057 pape

343 1055 849 1129 subdiaconus
907 1065 980 1127 et
1016 1055 1506 1154 cappellanus
1549 1080 1683 1154 pro
1720 1056 1917 1127 facto
1956 1055 2219 1131 Gaiete
2256 1082 2299 1130 a
2334 1082 2531 1158 papa

343 1160 433 1230 ad
472 1156 1012 1255 imperatorem
1049 1154 1354 1248 nuntius
1391 1155 1466 1228 in
1504 1156 1847 1253 Apuliam
1889 1156 2109 1231 vadit.

493 1258 758 1329 Mense
789 1255 1236 1330 Novembris
1273 1259 1366 1330 de
1403 1257 2062 1334 communitatibus
2090 1258 2531 1333 Lombardie

343 1382 478 1456 pro
542 1357 1088 1456 compositione
1145 1381 1316 1431 cum
1380 1356 1843 1454 imperatore
1901 1358 2243 1433 facienda
2301 1360 2532 1457 legati

343 1460 538 1556 apud
576 1456 992 1555 Anagniam
1033 1456 1345 1530 veniunt
1379 1459 1473 1531 ad
1510 1459 1876 1533 domnum.
1910 1483 2207 1565 papam.

493 1559 756 1630 Mense
800 1557 1240 1631 Decembris
1288 1580 1425 1656 pro
1469 1558 1666 1631 facto
1704 1559 2295 1641 Lomb'ardorum
2334 1561 2529 1633 Hen-

344 1657 546 1731 ricus
581 1661 674 1731 de
712 1658 956 1729 Morro
979 1669 1006 1703 ¹¹
1060 1657 1425 1754 magister
1467 1658 1902 1733 iustitiarius
1942 1664 2045 1741 ab»=
2070 1662 2529 1759 imperatore

341 1760 437 1832 ad
465 1782 741 1856 papam
770 1758 1074 1831 nuntius
1105 1758 1442 1854 mittitur,
1482 1783 1651 1833 cum
1684 1786 1829 1858 quo
1856 1765 2141 1843 vadunt
2168 1762 2531 1859 magister

343 1858 606 1931 Petrus
637 1861 730 1932 de
753 1858 1006 1955 Vinea,
1037 1859 1403 1957 magister
1429 1859 1695 1935 Petrus
1726 1863 1819 1935 de
1848 1861 2131 1937 Sancto
2148 1863 2527 1950 Germano

345 1971 420 2032 et
459 1959 822 2057 magister
855 1960 1308 2033 Benedictus
1345 1964 1442 2035 de
1476 1960 1772 2058 Sernia.,
1827 1972 1909 2036 ut
1953 1988 2125 2037 cum
2165 1964 2527 2065 magistro

341 2061 776 2156 iustitiario⁷
843 2084 1098 2133 coram
1147 2086 1340 2159 papa
1399 2086 1535 2159 pro
1598 2072 1811 2161 parte
1873 2062 2349 2163 imperatoria
2412 2066 2527 2139 ius

341 2160 581 2259 ipsius
617 2164 1122 2235 ostenderent.

1312 2312 1561 2405 1233.

490 2452 752 2525 Mense
779 2449 1101 2526 Ianuarii
1127 2453 1497 2528 Henricus
1538 2455 1631 2528 de
1656 2453 1904 2526 Morro
1936 2455 2301 2553 magister
2327 2455 2531 2540 iusti-
2584 2511 2593 2516 -

341 2550 600 2625 tiarius
661 2577 706 2626 a
765 2577 962 2651 papa
1025 2556 1117 2626 ad
1179 2553 1719 2651 imperatorem
1782 2555 1857 2628 in
1908 2556 2255 2654 Apuliam
2314 2557 2533 2654 redit,

342 2677 566 2750 quem
637 2652 1022 2726 subsecuti
1089 2666 1264 2726 sunt
1329 2655 1633 2730 Landus
1701 2657 2221 2730 Messanensis
2288 2658 2529 2732 archi-

341 2753 744 2851 episcopus
783 2776 952 2826 cum
993 2752 1280 2850 Regino
1335 2755 1723 2852 episcopm,
1774 2757 2009 2829 nuntii
2062 2760 2154 2836 ad
2207 2758 2528 2856 impera·

338 2863 584 2926 torem
623 2852 876 2924 directi
917 2878 962 2924 a
997 2877 1215 2952 papa.
1319 2854 1736 2954 Imperator
1771 2857 2119 2930 omnibus
2160 2858 2529 2955 generali-

339 2964 456 3026 ter
517 2953 864 3052 prelatis,
935 2954 1368 3052 comitibuS,
1438 2956 1887 3054 baronibus,
1960 2958 2312 3033 militibus
2366 2969 2522 3033 tam

336 3053 660 3128 feudatis
709 3079 933 3150 quam
981 3079 1132 3128 non
1181 3055 1506 3130 feudatis
1556 3060 1888 3155 mandat,
1942 3067 2023 3131 ut
2066 3062 2163 3134 ad
2212 3084 2299 3133 se
2352 3085 2522 3134 cum

339 3168 496 3229 toto
545 3154 849 3228 servitio
890 3159 1084 3253 quod
1123 3155 1373 3230 facere
1411 3168 1765 3232 tenentur
1800 3161 1993 3257 apud
2034 3159 2453 3234 Policorum
2470 3163 2524 3256 ¹⁹,

339 3257 415 3328 in
465 3255 732 3328 futuris
783 3256 1140 3330 Kalendis
1189 3257 1566 3331 Februarii
1624 3261 1987 3333 accedere
2050 3260 2203 3334 sint
2262 3262 2521 3360 parati.

337 3359 548 3430 Tunc
601 3355 810 3429 iussu
864 3355 1338 3454 imperatoris
1391 3359 1789 3434 Lucerium
1855 3359 2114 3435 civitas
2172 3361 2524 3436 Sarrace-

336 3480 604 3530 norum
641 3455 1000 3530 firmatur.
1073 3456 1292 3530 Troie
1331 3458 1579 3532 menia
1617 3459 2027 3534 diruuntur.

487 3559 904 3656 Imperator
940 3581 1206 3634 mense
1241 3559 1617 3634 Februarii
1656 3585 1740 3636 se
1778 3564 1871 3638 de
1897 3563 2163 3661 Apulia
2200 3563 2274 3636 in
2310 3565 2523 3638 Cala-

336 3657 575 3733 briam
611 3658 919 3732 confert.
1790 3683 1802 3694 ·

485 3759 846 3856 Magister
865 3758 1242 3834 Iohannes
1271 3763 1363 3834 de
1385 3761 1664 3834 Sancto
1688 3761 2097 3858 Germano,
2120 3762 2520 3836 Guilielmo

339 3859 679 3934 eiusdem
711 3859 1036 3934 ecclesie
1067 3860 1722 3959 archipresbytero
1759 3872 2027 3960 sponte
2066 3866 2409 3961 cedente⁷
2445 3865 2521 3936 in

337 3959 1064 4058 archipresbyterum
1103 3960 1358 4035 Sancti
1398 3962 1753 4036 Germani
1790 3963 2223 4040 assumitur.

485 4061 812 4136 Castella
863 4059 939 4132 in
986 4061 1260 4158 Trano7
1311 4061 1535 4160 Baro7
1588 4063 1922 4162 Neapoly
1974 4075 2051 4138 et
2099 4065 2522 4140 Brundusio

334 4157 545 4234 iussu
583 4160 1056 4260 imperatoris
1094 4159 1504 4236 firmantur.

333 4293 383 4366 a)
422 4301 568 4351 mor?
604 4315 650 4352 c.
799 4296 854 4371 b)
894 4294 1109 4352 Polico?
1144 4314 1190 4352 c.
