3050 4900
538 447 632 518 36
943 443 1509 518 RYCCARDUS
1564 443 1685 514 DE
1739 444 1811 517 S.
1870 443 2329 518 GERMANO

533 673 624 720 ac
661 647 987 718 osculato
1016 645 1220 740 pede,
1259 671 1416 718 cum
1453 649 1603 739 ipse
1637 649 1730 717 sit
1761 669 1975 738 super
2012 669 2287 740 equum,
2327 650 2573 741 recipit
2600 673 2719 720 eos

531 750 633 820 ad
667 748 987 820 osculum
1023 747 1226 818 et—ad
1259 771 1576 819 manum.
1652 747 1786 835 Oui
1820 769 1977 818 cum
2013 769 2437 842 unoquoque
2474 772 2717 820 mora-

527 856 645 921 tur
675 872 806 942 per
839 847 1176 940 triduum,
1231 848 1447 920 semel
1491 851 1563 918 in
1620 871 1834 940 anna,
1890 853 1955 918 et
2004 850 2107 919 sic
2144 871 2190 918 a
2220 850 2459 941 primo
2496 873 2715 944 usque

526 950 629 1022 ad
675 952 1042 1043 septimum
1091 948 1274 1036 filios
1311 951 1553 1020 visitat
1588 955 2047 1040 memoratos,
2104 955 2172 1018 et
2203 947 2487 1042 quilibet
2522 954 2717 1021 omni

525 1073 719 1122 anno
771 1074 906 1144 pro
953 1056 1145 1122 certo
1197 1051 1460 1121 tributo
1493 1051 1729 1120 mittit
1770 1052 1845 1118 in
1889 1052 2062 1136 fisco
2110 1051 2341 1140 patris
2382 1052 2479 1122 ‘20
2514 1051 2711 1121 milia

520 1156 1040 1223 sarracenatos
1052 1177 1080 1240 ‚-
1136 1155 1202 1219 et
1247 1152 1348 1223 sic
1399 1175 1445 1221 a
1492 1153 1726 1243 primo
1777 1173 1997 1244 usque
2036 1147 2540 1242 adseptimum
2582 1150 2717 1222 dat

512 1255 886 1347 ‚unicuique
935 1251 1238 1338 liliorum
1287 1275 1502 1322 unum
1544 1250 1629 1322 de
1668 1249 1901 1320 anulis
1936 1252 2105 1340 suis,
2162 1252 2233 1318 in
2270 1275 2407 1344 quo
2442 1275 2708 1344 ymayo

517 1377 654 1423 sua
691 1352 1052 1445 sculpitur.

679 1451 926 1524 Volunt
976 1453 1092 1524 isti
1141 1451 1435 1523 libenter
1468 1450 1767 1522 reddere
1803 1453 1875 1520 in
1912 1472 2173 1522 manus
2211 1449 2483 1521 domini
2508 1475 2704 1544 pape

515 1559 783 1624 terram
821 1559 1176 1643 sanctam,
1236 1569 1448 1648 quam
1499 1555 1731 1622 tenent
1770 1551 1870 1621 ad
1905 1575 2085 1644 opus
2122 1550 2699 1644 christianorum,

513 1659 581 1724 et
606 1661 682 1724 ut
709 1657 882 1725 certi
907 1656 1047 1724 sint
1075 1658 1143 1723 et
1165 1656 1398 1725 securi
1425 1653 1510 1724 de
1544 1652 1693 1724 alia
1714 1659 1909 1723 terra
1935 1676 1980 1721 a
1997 1650 2263 1745 populo
2284 1651 2697 1744 christiano,

509 1754 806 1847 sinyulis
856 1755 1065 1824 annis
1111 1753 1356 1824 volunt
1389 1777 1540 1824 esse
1588 1755 1717 1823 sub
1756 1759 1949 1825 certo
1986 1753 2248 1822 tributo
2284 1751 2700 1844 patriarche

505 1852 1146 1942 lherosolimitan0‚
1203 1859 1272 1923 et
1318 1853 1593 1924 dabunt
1636 1854 1799 1924 inde
1835 1852 2189 1925 cautelam
2228 1852 2552 1923 Romane
2589 1877 2697 1922 ec-

509 1953 714 2025 clesie
761 1953 846 2024 de
903 1976 1048 2024 non
1095 1953 1550 2047 impedienda
1604 1953 1911 2046 amplius
1966 1960 2160 2024 terra
2214 1959 2497 2045 sancta,
2552 1975 2696 2047 qua

506 2054 833 2124 dominus
881 2061 1122 2124 noster
1167 2054 1368 2125 Iesus
1407 2053 1725 2126 Christus
1768 2057 1916 2126 suis
1950 2052 2247 2146 pedibus
2284 2052 2692 2124 ambulavit.

654 2155 1024 2226 Predictus
1073 2179 1238 2225 vcro
1281 2154 1719 2249 Sephedinus
1758 2156 1842 2227 de
1879 2178 2075 2224 more
2110 2153 2691 2246 predecessorum

503 2279 797 2326 suorum
851 2257 1114 2340 faciem
1165 2279 1372 2326 suam
1413 2278 1555 2325 non
1593 2255 1901 2326 ostendit
1932 2255 2257 2325 omnibus
2293 2257 2429 2324 nisi
2462 2254 2691 2326 decies

501 2357 572 2426 in
630 2379 848 2446 anno,
905 2355 1197 2448 quando
1248 2358 1548 2427 nuncios
1600 2358 1844 2451 recipit
1878 2355 2333 2444 Piscium-um,
2384 2354 2689 2425 Ianuen-

498 2458 705 2547 sium,
773 2457 1118 2547 Venetmn,
1174 2458 1561 2547 civitatum,
1618 2481 1863 2551 reyum
1918 2456 2027 2527 vel
2069 2458 2466 2549 principum
2506 2456 2687 2527 chri-

496 2558 920 2647 stianorum,
977 2558 1380 2628 astantibus
1417 2564 1689 2629 centum
1731 2560 2056 2629 armatis.
2152 2556 2390 2627 Primo
2430 2555 2541 2627 die
2579 2582 2685 2628 re-

495 2659 662 2750 cipit
721 2660 916 2750 ipsos
977 2659 1049 2727 in
1094 2659 1335 2749 prima
1384 2658 1547 2729 sala
1604 2658 1689 2729 de
1742 2660 2014 2751 Gamo,
2082 2658 2202 2727 ubi
2251 2680 2529 2750 semper
2582 2665 2689 2729 est

493 2764 726 2828 status
781 2758 944 2829 eius.
1051 2758 1236 2829 Tunc
1289 2761 1537 2852 recipit
1581 2759 1859 2848 litteras
1912 2782 1959 2829 a
2012 2760 2309 2848 nunciis,
2362 2758 2490 2829 sed
2536 2782 2681 2829 non

494 2859 698 2929 audit
749 2882 870 2930 eos
884 2887 910 2948 ,-
963 2860 1036 2929 in
1084 2860 1398 2931 secunda
1455 2859 1567 2930 die
1621 2858 1827 2931 audit
1872 2882 1993 2930 eos
2028 2860 2098 2928 in
2134 2859 2453 2929 secunda
2489 2859 2677 2951 sala,

491 2960 894 3029 astantibus
931 2959 1247 3030 duce-ntis
1291 2959 1537 3032 Turkis
1572 2962 1719 3031 suis
1756 2960 1925 3030 bene
1963 2962 2285 3029 armatis.
2352 2958 2432 3029 In
2473 2962 2679 3031 tertio

489 3057 768 3152 quidem.
806 3058 919 3129 die
951 3083 1080 3151 per
1115 3062 1644 3131 turcimannum
1680 3083 1911 3149 suum,
1958 3059 2277 3131 videlicet
2303 3083 2433 3153 per
2466 3061 2676 3131 inter-

482 3165 790 3251 pretem,
880 3157 1014 3228 dat
1071 3160 1328 3231 eisdem
1393 3183 1813 3252 responsum
1874 3162 2257 3235 secundum
2318 3166 2514 3259 quod
2575 3174 2680 3238 est

485 3258 742 3330 modus
789 3261 860 3329 in
909 3283 1158 3331 causa.
1259 3260 1392 3348 Oui
1434 3268 1604 3353 post
1652 3265 1925 3333 tertium
1986 3263 2167 3335 diem
2223 3288 2364 3335 non
2414 3264 2677 3338 habent

486 3358 792 3451 amplius
831 3359 932 3430 ad
976 3360 1170 3431 illum
1229 3385 1617 3432 accessum.
1721 3363 1961 3451 Habet
2008 3363 2443 3457 Sephedinus
2499 3391 2671 3437 usco-

481 3482 596 3530 res
653 3464 742 3533 15
789 3462 858 3529 in
905 3455 1054 3555 leye
1101 3485 1270 3551 sua,
1328 3483 1458 3556 que
1507 3459 1678 3532 sunt
1720 3465 1793 3534 in
1842 3488 1983 3535 uno
2031 3465 2333 3557 palatio,
2387 3468 2675 3539 insimul

479 3558 847 3631 dormiunt
879 3561 1254 3631 comedunt
1291 3569 1356 3631 et
1391 3561 1651 3633 bibunt.
1759 3563 1840 3633 Si
1884 3565 2129 3658 aliqua
2168 3590 2419 3637 earum
2456 3566 2674 3639 habet

475 3684 562 3730 ex
599 3682 680 3731 eo
715 3660 958 3753 filium,
1014 3660 1452 3754 Sephedinus
1490 3662 1694 3733 vadit
1726 3664 1829 3733 ad
1862 3688 2020 3735 eam
2059 3667 2351 3760 quando
2390 3667 2553 3760 vult,
2604 3676 2671 3740 et

475 3760 740 3831 dormit
793 3784 953 3832 cum
1004 3785 1088 3833 ea
1141 3761 1535 3833 videntibus
1588 3763 1791 3853 aliis3
1861 3766 2056 3836 illam
2112 3790 2279 3837 vero
2335 3792 2467 3861 que
2520 3793 2665 3840 non

472 3860 688 3932 habet
737 3886 823 3931 ex
877 3886 958 3933 eo
1007 3862 1264 3953 filium,
1323 3862 1424 3933 ad
1473 3886 1549 3934 se
1586 3864 1877 3957 quando
1932 3867 2080 3937 vult
2123 3891 2253 3959 per
2304 3869 2665 3940 eunuchos

469 3983 638 4031 suos
677 3964 925 4033 vocari
958 3964 1138 4046 facit
1170 3965 1242 4032 in
1281 3966 1611 4055 vesperis,
1650 3970 1713 4034 et
1752 3964 2009 4037 detinet
2043 3992 2201 4038 eam
2230 3991 2361 4059 per
2388 3976 2659 4040 noctem

469 4066 538 4132 et
574 4061 780 4154 diem,
820 4070 886 4133 et
919 4064 1020 4133 sic
1055 4064 1235 4145 facit
1259 4063 1343 4134 de
1370 4064 1684 4155 sinyulis.
1743 4065 2049 4153 Quando
2082 4067 2325 4161 aliqua
2356 4070 2657 4140 istarum

466 4165 790 4253 moritur,
843 4162 1116 4233 inducit
1149 4163 1366 4233 aliam
1407 4166 1589 4235 inter
1627 4166 1835 4237 alias.

618 4262 698 4332 In
753 4266 1118 4333 secretiori
1169 4288 1499 4357 camera,
1556 4267 1675 4335 ubi
1724 4266 1901 4337 ludit
1955 4274 2017 4336 et
2072 4267 2367 4361 dormit,
2424 4269 2657 4341 nullus
