3050 4900
1179 395 1260 464 A.
1325 395 1535 468 1228.
1596 395 1808 469 1229.
2487 399 2573 466 71

399 593 604 666 colas
656 590 870 689 penis
923 593 1199 666 addixit
1244 593 1466 666 variis
1520 603 1597 666 et
1631 591 2067 687 tormentis·
2124 602 2198 665 et
2233 592 2583 668 Sarrace-

399 717 664 766 norum
701 691 1012 766 traditos
1054 693 1429 806 potestati,
1479 717 1669 790 quos
1718 717 1981 768 secum
2019 695 2110 766 de
2145 693 2410 791 Apulia
2452 697 2575 766 du·

394 803 633 887 xerat
687 793 757 864 in
798 793 982 890 ipsis
1023 793 1470 866 cruciatibus
1511 794 1811 866 exalare
1851 792 2118 894 coegit.

543 846 954 990 Giegorius
1015 919 1207 992 papa
1262 895 1336 966 in
1389 898 1658 966 ducem
1706 893 1996 991 ipsum,
2050 917 2182 991 pro
2240 917 2328 966 eo
2386 897 2577 994 quod

391 993 803 1066 Marchiam
840 993 1250 1068 intraverat
1285 1005 1360 1068 et
1397 993 1855 1069 ammonitus
1895 995 2177 1092 sepius,
2220 1004 2301 1065 ut
2336 994 2577 1091 ipsam

395 1092 654 1168 exiens
711 1094 784 1166 in
843 1118 1029 1191 pace
1083 1095 1488 1168 dimitteret
1544 1106 1619 1167 et
1666 1096 1812 1167 hoc
1850 1095 2100 1167 facere
2140 1093 2401 1188 noluit,
2458 1119 2579 1167 ex-

395 1194 1092 1267 communicationis
1147 1195 1600 1270 sententiam
1658 1194 2185 1307 promulgavit,
2238 1193 2575 1267 eiusdem

395 1295 1189 1368 excommunicationis
1241 1295 1609 1369 innodans
1660 1294 1955 1367 vinculo
2005 1319 2273 1368 omnes
2313 1319 2578 1392 sequa-

393 1415 521 1466 ces
558 1393 775 1467 illius
841 1397 1179 1490 Cumque
1217 1420 1356 1468 nec
1395 1395 1505 1471 sic
1542 1419 1902 1470 revocare
1941 1405 2197 1492 posset
2227 1399 2580 1491 eundem,

391 1492 544 1564 vim
598 1495 665 1565 vi
721 1497 1088 1592 iepellere
1138 1495 1420 1567 licitum
1474 1507 1774 1592 putanS,
1828 1497 1916 1567 ad
1955 1495 2285 1568 Marchie
2323 1495 2579 1568 defen-

394 1592 711 1690 sionem,
763 1619 908 1708 que
948 1595 1269 1668 ecclesie
1309 1601 1536 1669 subei
1540 1605 1640 1692 at
1679 1594 2044 1668 materiali
2080 1594 2325 1692 gladio
2366 1595 2577 1668 nisus

395 1703 513 1766 est
565 1704 818 1766 contia
869 1695 1145 1808 ipsum,
1202 1697 1322 1793 qui
1376 1695 1527 1769 iam
1582 1719 1715 1793 pio
1770 1705 1985 1792 parte
2023 1694 2428 1770 Marchiam
2484 1697 2576 1768 ad

391 1818 584 1891 opus
632 1795 922 1892 imperii
978 1807 1283 1894 ceperat
1334 1820 1741 1893 occupare,
1812 1807 1886 1868 et
1935 1807 2111 1868 tunc
2162 1794 2574 1868 Iohannem

393 1899 764 1988 quondam
801 1895 1537 1968 lherosolimitanum
1573 1920 1864 1994 regem,
1920 1907 1995 1969 et
2029 1895 2443 1969 Iohannem
2482 1899 2575 1968 de

392 1993 806 2092 Columpna
847 1997 1326 2091 cardinalem,
1366 2020 1536 2068 cum
1577 1996 1880 2094 copioso
1920 1996 2214 2069 militari
2248 2007 2322 2068 et
2350 1997 2575 2094 pede-

389 2095 523 2165 stri
564 2095 892 2167 exercitu
931 2096 1178 2192 <lingit
1215 2106 1469 2168 contra
1511 2121 1707 2172 eum
1768 2097 1863 2166 At
1900 2120 2096 2168 cum
2108 2120 2250 2168 nec
2289 2097 2397 2172 sic
2426 2101 2573 2172 dux

388 2194 556 2291 ipse
605 2194 1010 2268 desisteret
1057 2200 1148 2269 ab
1187 2195 1533 2309 inceptis,
1586 2195 1981 2269 arbitratus
2024 2207 2141 2268 est
2175 2197 2340 2293 ipse
2377 2222 2572 2294 papa

391 2305 646 2366 contra
717 2297 929 2392 regni
997 2294 1190 2370 filios
1261 2297 1464 2370 acies
1540 2296 1859 2394 dirigere
1929 2296 2419 2391 bellatorum,
2491 2307 2574 2369 ut

387 2395 601 2491 regni
653 2406 850 2469 statu
909 2407 984 2470 et
1037 2399 1242 2495 pacis
1301 2397 1551 2497 quiete
1602 2400 1921 2493 tulbata,
1972 2392 2168 2511 quod
2223 2395 2424 2472 dux
2406 2421 2570 2495 ipse

387 2496 850 2569 voluntaiius
905 2498 1167 2594 noluit,
1221 2499 1330 2572 sic
1383 2500 1634 2576 facere
1690 2509 2087 2597 cogeretur
2139 2498 2441 2593 invituS,
2497 2509 2572 2570 et

387 2594 795 2670 Marchiam
827 2598 1252 2695 ἀίωἱῐῐθιοῑ,
1281 2623 1505 2697 quam
1535 2623 1773 2696 usque
1795 2600 2253 2679 Maceratam
2286 2598 2569 2675 cesaris

385 2696 698 2794 impeiio
764 2698 1280 2794 subiugarat-
1275 2700 1510 2771 Nam
1576 2698 1908 2772 collectis
1973 2700 2296 2797 undique
2357 2701 2569 2774 Cam-

384 2796 608 2894 panie
663 2821 752 2869 ac
803 2798 1175 2871 maritime
1230 2798 1533 2893 viribUS,
1588 2798 2077 2895 congregavit
2131 2796 2569 2893 exercitum,

388 2898 502 2969 cui
559 2901 934 2995 quendam
989 2900 1436 2973 Pandulfum
1497 2902 1589 2971 de
1640 2898 1981 2995 Anagnia
2045 2898 2566 2996 cappellanum

385 3022 657 3091 suum,·
688 2998 813 3096 qui
858 2999 1258 3095 legationis
1297 2998 1541 3073 officio
1580 3001 2053 3097 fungebatur,
2108 3009 2182 3071 et
2220 2998 2567 3073 exclusos
2674 3046 2688 3057 ·

384 3101 477 3170 de
515 3122 749 3195 regno
791 3101 1101 3175 comites
1141 3102 1513 3175 Thomam
1549 3104 1639 3173 de
1678 3102 1957 3175 Celano
1998 3108 2072 3171 et
2104 3098 2565 3198 Roggerium

385 3199 493 3270 de‘
513 3200 776 3297 Aquila
814 3201 1130 3296 prefecit
1167 3202 1599 3300 capitaneos
1642 3212 1714 3273 et
1751 3203 2119 3273 ductores.
2208 3266 2213 3269 Δ

1357 3370 1604 3466 1129.

531 3505 646 3579 Hii
697 3530 964 3579 mense
1015 3506 1329 3584 Ianuarii
1388 3512 1508 3581 18ο
1556 3507 1840 3580 mensis
1882 3506 2223 3587 eiusdem
2257 3529 2395 3604 per
2429 3504 2563 3578 Ce-

382 3629 748 3703 peranum
778 3608 1169 3680 venientes
1199 3608 1272 3682 in
1301 3632 1629 3721 regnum.
1656 3609 1865 3684 clave
1900 3607 2201 3704 signati,
2239 3605 2561 3678 insulam

383 3705 638 3779 Pontis
668 3705 984 3781 Solarati
1022 3732 1168 3804 que
1206 3709 1420 3805 regni
1459 3718 1619 3789 erat
1656 3708 1961 3801 ostium,
1996 3731 2227 3805 quam
2262 3704 2568 3818 quidam

379 3806 799 3881 Adenulfus
817 3806 1190 3886 Balzanus
1221 3832 1354 3907 pro
1381 3809 1833 3907 imperatore
1864 3810 2201 3902 tenebat,
2217 3804 2561 3917 primitus

383 3917 944 4004 expugnantes,
999 3932 1168 3985 cum
1222 3933 1306 3981 se
1353 3920 1616 3986 tenere
1668 3932 1815 3983 non
1868 3918 2165 4006 posset,
2221 3930 2357 4004 per
2407 3902 2561 3977 vim

384 4018 766 4104 ceperunt.

530 4108 1104 4181 Bartholomeus
1161 4133 1459 4207 quoque
1513 4112 1607 4186 de
1662 4108 1983 4207 SupinO,
2054 4106 2177 4205 qui
2228 4115 2559 4180 castrum

379 4210 685 4281 tenebat
737 4208 992 4283 Sancti
1042 4209 1396 4285 Iohannis
1449 4212 1542 4283 de
1596 4209 1953 4291 lncarica
2008 4219 2083 4281 et
2129 4208 2558 4299 vacardus
