3050 4900
522 458 616 525 74
929 450 1496 523 RYCCARDUS
1556 450 1674 521 DE
1730 450 1801 521 S.
1860 450 2323 523 GERMANO

527 677 730 725 mum
790 652 1260 724 diversorum
1315 650 1628 723 cons-ilia
1681 650 1755 721 in
1809 651 2237 746 diversum,
2312 653 2537 724 vellet
2594 656 2717 725 ob-

521 766 766 846 stare,
821 776 916 825 ne
958 776 1091 848 per
1130 751 1492 823 montium
1536 751 1779 823 aditus
1818 751 2006 825 libet·
2044 762 2337 848 pateret
2372 752 2716 826 hostibus

522 856 610 926 ad
666 854 1024 925 Sanctum
1079 852 1539 923 Germanum
1596 874 1999 947 accessus,
2069 851 2253 948 ipsis
2318 877 2455 949 per
2516 854 2717 925 vires

518 952 908 1051 oppositas
962 952 1331 1024 obsistere
1389 949 1833 1049 previdit'in
1888 962 2185 1047 monte,
2256 953 2561 1025 mittens
2626 957 2715 1026 ad

521 1056 1036 1126 observandos
1087 1052 1452 1125 montium
1503 1053 1867 1124 transitus
1922 1053 2289 1149 quosdam
2347 1055 2438 1125 de
2494 1064 2717 1125 nocte

520 1154 798 1227 milites
837 1164 914 1226 et
951 1152 1282 1225 balistas,
1350 1152 1490 1240 Qui
1532 1155 2033 1225 ascendentes
2072 1152 2337 1225 hostes
2378 1177 2512 1250 pro
2552 1154 2718 1225 viri-

523 1261 660 1328 bus
700 1254 1190 1367 repellente-41,
1245 1254 1518 1325 bellum
1562 1252 1749 1325 inire
1788 1276 1957 1324 cum
2000 1252 2109 1325 eis
2152 1277 2283 1349 pro
2322 1252 2467 1325 fide
2504 1278 2717 1326 cesa-

523 1356 625 1428 ris
681 1354 992 1425 minime
1045 1354 1475 1425 timuerunt.
1572 1355 1913 1449 Cumque
1968 1352 2039 1425 in
2080 1353 2245 1428 loco
2286 1354 2404 1426 ubi
2446 1364 2563 1427 est
2597 1379 2717 1427 ec-

523 1454 754 1527 clesia
795 1454 1032 1527 sancti
1072 1454 1380 1525 Matthei
1421 1476 1813 1525 ser-vonum
1856 1452 1990 1525 Dei
2044 1452 2431 1526 conflictus
2474 1453 2717 1549 fieret,

521 1579 777 1627 iwumoi
814 1558 902 1627 ad
944 1554 1192 1651 ipsum
1232 1554 1734 1645 iustitiarium,
1781 1555 1974 1649 quod
2012 1553 2127 1625 sui
2166 1578 2335 1625 cum
2375 1555 2717 1628 hostibus

523 1655 964 1729 dimicarent
1014 1658 1108 1728 ad
1164 1654 1524 1727 Sanctum
1583 1654 2043 1725 Germanum
2100 1655 2467 1751 pervenit.
2574 1655 2715 1741 Qui

527 1780 700 1829 mox
738 1756 912 1828 licet
949 1756 1368 1827 inconsulte
1407 1764 1743 1825 montem
1787 1753 2119 1847 subiens,
2176 1778 2318 1825 nec
2367 1764 2719 1827 metuens

525 1855 788 1929 mortis
841 1878 1226 1949 occasum,
1285 1854 1611 1926 hostium
1669 1853 1741 1925 in
1792 1853 2039 1926 medio
2092 1878 2177 1926 se
2232 1854 2713 1927 obiecit·cum

521 1956 721 2051 suis,
777 1980 1002 2053 quem
1056 1966 1362 2027 secutus
1417 1954 1830 2027 Adenulfus
1870 1953 2065 2025 filius
2103 1956 2555 2027 Aoos-rarum
2594 1978 2714 2027 co-

521 2055 725 2137 mitis
774 2068 1237 2127 memoratus
1294 2066 1368 2127 et
1417 2054 1752 2127 nonnulli
1793 2054 2067 2127 milites
2105 2066 2183 2126 et
2218 2056 2537 2152 pedites,
2592 2055 2715 2153 qui

521 2157 713 2229 mori
770 2181 904 2254 pro
957 2155 1102 2227 fide
1157 2155 1446 2229 cesaris
1487 2180 1633 2227 non
1694 2155 2081 2250 timebant,
2135 2156 2467 2228 hostium
2521 2156 2713 2228 ictus

521 2256 892 2355 repellere
931 2256 1088 2329 suis
1119 2257 1386 2329 ictibus
1417 2260 1899 2329 conabantur.
1962 2255 2095 2327 Set
2125 2280 2295 2327 cum
2325 2256 2537 2330 locus
2563 2281 2714 2329 non

523 2368 731 2432 esset
782 2360 1121 2452 ydoneus
1177 2361 1268 2429 ad
1324 2360 1854 2455 pugnandum,
1932 2366 2004 2427 et
2060 2357 2255 2429 viam
2311 2356 2514 2431 illam
2572 2382 2714 2455 qua

521 2461 669 2532 itur
721 2462 812 2530 ad
867 2459 1225 2531 Sanctam
1281 2459 1595 2529 Mariam
1642 2460 1737 2530 de
1791 2458 2191 2554 AlbanetO,
2248 2459 2525 2554 fugatis
2580 2458 2717 2545 im·-

527 2559 928 2656 perialibus
967 2561 1060 2630 de
1099 2558 1444 2655 supernis
1485 2558 1775 2655 papalis
1814 2557 1963 2629 iam
2004 2557 2206 2631 acies
2237 2569 2717 2656 occupasset,

525 2684 694 2730 cum
747 2682 837 2730 ex
891 2662 1213 2732 adverso
1267 2659 1849 2730 ascendentibus
1898 2658 2063 2755 ipse
2096 2659 2538 2732 iustitiarius
2594 2664 2720 2732 ob-

521 2771 725 2834 stare
766 2783 912 2831 non
946 2770 1233 2857 posset,
1274 2762 1751 2832 retrocedere
1780 2783 1930 2832 non
1964 2759 2130 2832 sine
2161 2783 2473 2832 suorum
2504 2759 2716 2832 clade

527 2871 832 2934 coactus
891 2872 1050 2956 est,
1103 2871 1181 2932 et
1231 2871 1408 2932 tunc
1447 2885 1617 2932 cum
1656 2860 1821 2956 ipso
1858 2859 2227 2932 Adenulfo
2262 2861 2713 2932 Acerrarum

521 2961 818 3033 comitis
857 2959 1007 3032 filio
1037 2961 1110 3032 in
1143 2960 1444 3032 brachio
1481 2961 1869 3032 vulnerato
1900 2969 1975 3031 et
2006 2983 2095 3031 ex
2126 2959 2283 3034 suis
2312 2964 2717 3034 admodum

524 3060 786 3159 paucis
825 3061 898 3130 in
943 3061 1135 3131 vallo
1167 3060 1604 3134 Casinensis
1645 3059 2086 3134 monasterii
2126 3084 2211 3133 se
2248 3060 2561 3159 recepit,
2596 3060 2719 3134 ubi

525 3183 662 3260 per
721 3160 971 3257 ipsum
1037 3159 1511 3232 iustitiarium
1574 3161 1885 3233 lacobus
1952 3160 2385 3236 Sinibaldus
2454 3170 2718 3234 custos

521 3262 769 3332 fuerat
823 3259 1244 3354 institutus3
1300 3260 1629 3357 leliquos
1687 3285 1953 3334 versus
2006 3261 2368 3334 Sanctum
2406 3261 2720 3334 Germa-

527 3385 705 3432 num
765 3362 857 3432 ad
912 3362 1168 3457 fugam
1227 3360 1669 3474 cogentibus
1722 3362 1845 3459 qui
1894 3362 2315 3434 habuerant
2348 3364 2441 3434 de
2478 3363 2717 3434 Marte

523 3459 1008 3558 triumphum.
1081 3461 1293 3548 Quos
1332 3462 1542 3534 cives
1580 3461 1836 3535 Sancti
1874 3461 2229 3535 Geimani
2269 3461 2391 3558 qui
2426 3461 2717 3534 cesaris

527 3559 750 3632 fidem
810 3566 1213 3635 servabant
1265 3561 1720 3634 unanimiter
1768 3572 2278 3660 receptantes,
2332 3587 2503 3636 cum
2556 3562 2717 3634 suis

525 3661 872 3734 omnibus
913 3662 1166 3734 salvos
1203 3662 1573 3756 fecerunt,
1612 3671 1684 3734 et
1722 3685 1811 3733 ea
1850 3661 1993 3756 die,
2028 3684 2489 3759 quamquam
2513 3662 2719 3734 diros

527 3772 604 3834 et
649 3765 878 3834 dut-os
930 3773 1372 3859 paterentur
1419 3761 1741 3834 insultus
1790 3765 1884 3834 ab
1932 3762 2316 3858 hostibus,
2371 3763 2471 3836 ita
2522 3765 2717 3859 quod

528 3886 757 3935 enses
816 3863 1072 3958 ignem
1138 3874 1213 3935 et
1271 3863 1510 3934 iacula
1580 3885 1726 3934 non
1792 3861 2181 3957 timerent,
2254 3863 2581 3936 turribus
2630 3872 2722 3934 -et

525 3963 872 4036 menibus
925 3962 1406 4057 insistentem,
1461 3961 1790 4034 hostium
1848 3961 2141 4036 viribus,
2184 3986 2333 4034 non
2386 3986 2720 4036 cessere.

521 4062 650 4136 Sic
703 4087 890 4160 ergo
945 4063 1062 4136 die
1101 4063 1293 4161 ipsa,
1347 4073 1806 4136 novercante
1842 4064 2167 4156 fortuna,
2217 4064 2313 4136 de
2367 4062 2720 4161 impetia-

523 4162 716 4236 libus
775 4173 1080 4261 optenta
1150 4163 1494 4258 victoria,
1564 4164 1969 4238 pandulfus
2032 4163 2447 4260 apostolice
2514 4163 2719 4238 sedis

526 4265 822 4359 legatus
875 4268 966 4335 ab
1023 4288 1110 4334 ea
1169 4273 1376 4359 parte
1443 4288 1589 4359 que
1654 4263 1916 4336 dicitur
1979 4264 2197 4336 Porta
2265 4274 2481 4337 vetus
2548 4288 2718 4335 cum
