3050 4900
467 423 560 494 32
873 417 1438 491 RYCCARDUS
1492 417 1615 489 DE
1670 417 1743 489 S.
1800 416 2261 490 GERMANO

469 644 616 692 non
655 619 726 690 in
767 619 1077 715 invium,
1126 618 1579 696 direxerunt.
1688 617 2024 702 Qualiter
2062 617 2287 713 igitur
2323 641 2452 691 rex
2492 616 2657 714 ipse

467 722 539 792 in
593 719 884 818 imperii
945 719 1436 818 acquisitione
1489 718 1929 816 profecerit,
1996 717 2409 814 qualiterve
2476 718 2659 814 opti-
2715 755 2721 758 ·

466 821 712 893 nuerit
767 832 1021 893 contra
1078 823 1398 894 eundem
1454 820 1837 912 Ottonem7
1889 819 2076 892 locis
2115 818 2453 914 relinquo
2492 843 2659 916 pro-

465 919 724 1020 priis²⁰
776 921 1022 1018 aptius
1075 921 1577 992 referendum.

1441 1053 1687 1141 1212.

615 1194 878 1264 Mense
909 1191 1091 1263 Iunii
1124 1191 1603 1264 Innocentius
1639 1214 1828 1288 papa
1852 1191 2128 1262 Urbem
2163 1191 2421 1263 exiens
2454 1191 2658 1263 venit

465 1293 847 1391 Signiam,
921 1293 1039 1365 ubi
1106 1317 1241 1389 per
1305 1301 1625 1363 estatem
1690 1313 1981 1364 moram
2043 1291 2329 1364 faciens
2390 1317 2656 1364 mense

467 1393 890 1493 Septembri
929 1393 1294 1466 remeavit
1331 1395 1422 1464 ad
1460 1393 1759 1464 Urbem.

617 1496 879 1567 Petrus
921 1493 1175 1568 Celani
1219 1517 1477 1564 comes
1516 1493 1882 1588 languore
1922 1503 2311 1590 correptus
2355 1491 2551 1566 obiit.

617 1597 778 1667 Hoc
833 1619 1029 1667 anno
1087 1594 1467 1666 christiani
1508 1593 1913 1691 principes,
1972 1592 2314 1666 videlicet
2350 1617 2483 1664 rex
2521 1595 2655 1667 Ca-

468 1697 710 1791 sto-lle,
762 1721 888 1768 rex
945 1696 1277 1767 Navarre
1331 1705 1403 1766 et
1460 1719 1591 1764 rex
1646 1695 2156 1789 Arragonum,
2212 1719 2381 1766 cum
2437 1695 2653 1767 Mira-

466 1796 952 1868 mammolino
972 1796 1065 1868 Sa
1077 1819 1192 1866 rra
1205 1819 1561 1866 cenorum
1586 1794 1921 1892 principe
1942 1795 2262 1892 prelium
2280 1794 2654 1888 ineuntes,

466 1897 599 1969 Dei
658 1898 958 1968 favente
1015 1896 1284 1967 virtute
1341 1906 1592 1968 contra
1637 1920 1809 1967 eum
1844 1896 2348 1992 optinuerunt.
2440 1897 2652 1984 Quod
2712 1934 2718 1938 ·

467 2001 555 2068 ad
622 1997 956 2069 omnium
1014 1997 1486 2069 orientalium
1540 1997 2035 2094 gaudiumet
2086 1998 2655 2091 exultationem3

467 2099 662 2170 idem
729 2122 863 2170 rex
917 2098 1244 2173 Castelle
1309 2102 1398 2171 de
1455 2107 1659 2171 tanta
1717 2099 2143 2172 christianis
2198 2098 2655 2196 principibus

469 2200 732 2273 celitus
772 2223 1139 2272 concessa
1179 2199 1489 2272 victoria
1527 2199 1721 2271 dicto
1760 2199 2191 2271 Innocentio
2231 2225 2424 2297 pape
2469 2199 2657 2271 litte-

469 2325 590 2373 ras
651 2300 890 2372 mittit.
997 2300 1216 2372 Mittit
1279 2301 1502 2372 etiam
1555 2303 1644 2370 de
1699 2301 2027 2397 acceptis
2066 2300 2655 2375 Sarracenorum

469 2401 725 2499 spoliis
769 2401 1009 2474 eidem
1052 2401 1514 2474 honorabilia
1546 2400 1839 2494 exenia,
1878 2401 2278 2473 tentorium
2314 2401 2659 2475 videlicet

461 2514 700 2575 totum
757 2502 1084 2573 sericum
1143 2512 1218 2573 et
1267 2502 1619 2573 vexillum
1662 2525 1843 2572 auro
1883 2514 2334 2575 contextum.
2442 2504 2655 2616 Quod

465 2604 535 2674 in
577 2600 934 2715 principis
975 2603 1489 2699 apostolorum
1534 2601 1897 2674 basilica
1882 2627 1951 2673 in
1993 2604 2290 2675 laudem
2332 2603 2655 2676 nominis

470 2702 742 2778 Christi
783 2727 1204 2800 appensum
1247 2714 1383 2775 est.

615 2805 877 2876 Mense
915 2803 1137 2876 Madii
1174 2803 1615 2897 Aderiulfu5‚
1654 2804 2090 2877 Casinensis
2132 2805 2443 2899 electus⁷
2498 2828 2657 2876 roc-

472 2930 636 2977 cam
700 2905 973 2977 Bantre
1039 2904 1437 2977 occasione
1503 2904 1831 2975 mandati
1898 2905 2131 3002 regii.
2211 2905 2326 2976 cui
2389 2928 2657 3003 parere

472 3006 706 3077 noluit
745 3006 1226 3097 castellanus,
1266 3014 1460 3077 artat
1497 3014 1573 3076 et
1609 3005 1936 3101 obsidet·
1994 3016 2111 3079 set
2148 3030 2319 3078 cum
2356 3030 2658 3079 roccam

470 3108 713 3204 ipsam
755 3106 1094 3203 optinere
1136 3130 1282 3177 non
1320 3116 1609 3219 posset
1667 3109 1833 3177 data
1894 3109 2213 3203 quadam
2255 3118 2481 3205 nepte
2524 3132 2658 3181 sua

471 3208 544 3279 in
586 3206 982 3302 coniugem
1023 3206 1230 3279 filio
1212 3207 1447 3305 ipsius
1485 3206 1875 3279 castellani
1906 3232 2073 3280 cum
2108 3219 2307 3280 certa
2342 3208 2661 3306 pecunie

475 3307 934 3404 quantitate
1010 3308 1482 3405 recuperavit
1536 3332 1833 3379 roccam
1894 3308 2137 3406 ipsam
2198 3309 2659 3383 menasterio

475 3408 890 3483 Casinensi.

627 3508 1104 3581 Innocentius
1167 3533 1362 3607 papa
1425 3532 1564 3605 per
1618 3510 2017 3604 generales
2077 3534 2265 3606 quas
2321 3514 2411 3581 ad
2464 3511 2662 3582 orbis

472 3610 802 3707 prelatos
856 3610 1100 3706 dirigit
1141 3610 1429 3682 litteras
1469 3619 1810 3681 sanctam
1854 3612 2219 3704 synodum
2258 3614 2348 3683 a'd
2392 3612 2661 3683 Urbem

475 3721 715 3781 vocat.
799 3712 1059 3783 Mense
1098 3710 1284 3781 Iunii
1323 3719 1575 3781 autem
1616 3708 1992 3805 Signiam3
2048 3711 2164 3783 ubi
2204 3722 2511 3809 propter
2548 3736 2666 3784 ur-

477 3822 782 3906 gentem
817 3812 1354 3884 necessitatem
1378 3810 2117 3883 dictumAdenulfum
2144 3813 2667 3905 Casertanum,

480 3912 978 3985 Casinensem
1025 3912 1377 4006 electum,
1431 3911 1504 3981 in
1548 3910 2044 3985 Casinensem
2100 3916 2446 3985 abbatem
2501 3938 2665 4011 pro-

480 4012 730 4083 movit.
785 4012 1222 4085 Fredericus
1278 4037 1406 4083 rex
1458 4011 1727 4082 auxilio
1767 4013 2186 4112 principum
2227 4024 2460 4085 totam
2499 4015 2666 4085 Ala-

479 4165 580 4247 20)
640 4167 676 4229 i.
726 4186 780 4226 e.
829 4164 1236 4243 scriptoribus
1298 4184 1506 4225 rerum
1564 4165 1623 4224 in
1683 4166 2015 4227 Germania
2071 4176 2406 4248 gestarum.
2502 4168 2669 4228 Hace

481 4248 666 4328 igitur
711 4266 878 4308 anno
929 4249 1082 4311 1214
1137 4249 1232 4309 vel
1283 4249 1442 4313 1215
1491 4249 1720 4329 scripta
1768 4259 1927 4315 sunt.
