3050 4900
544 440 686 515 132
945 436 1512 513 RYCCARDUS
1564 438 1689 511 DE
1742 436 1815 511 S.
1870 429 2329 511 GERMANO

543 640 638 712 de
674 638 821 711 fide
861 660 1090 735 quam
1127 635 1579 711 sufficientia
1628 639 1778 711 iam
1812 637 1985 710 dicti
2024 635 2463 709 Casinensis
2520 633 2740 707 electi

543 761 681 836 per
741 738 1081 835 singulos
1133 739 1239 811 tle
1303 738 1573 811 castris
1636 738 1955 835 singulis
2018 740 2110 809 ad
2176 761 2263 811 se
2328 741 2465 810 sub
2530 744 2737 807 certo

544 862 862 911 nurnero
907 849 1214 912 vocatos
1265 839 1645 935 homines,
1698 862 1991 911 necnon
2048 849 2123 911 et
2175 841 2267 911 de
2316 836 2563 931 Atina,
2612 834 2736 909 ubi

543 964 629 1013 se
657 950 1002 1037 tempore
1033 936 1400 1013 discordie
1438 939 1635 1012 inter
1662 940 2067 1013 ecclesiam
2096 948 2172 1011 et
2198 938 2735 1036 imperatorem

541 1050 962 1138 receperat,
1017 1040 1581 1137 inquisitionem
1633 1041 1886 1112 facere
1944 1038 2225 1112 studuit
2260 1039 2736 1135 diligentem3

541 1164 770 1240 quam
820 1140 893 1212 in
933 1140 1233 1238 scriptis
1272 1144 1683 1235 redactam,
1737 1142 1828 1213 ad
1868 1140 2179 1213 eosdem
2218 1140 2561 1212 dominos
2599 1162 2738 1236 per

539 1242 994 1338 magistrum
1024 1240 1433 1315 Terrisium
1464 1245 1559 1313 de
1576 1242 1797 1314 Atino
1818 1241 2133 1337 remisit,
2163 1242 2254 1312 ad
2285 1264 2473 1338 quos
2507 1238 2734 1311 etiam

541 1344 774 1415 frater
797 1342 1174 1416 Iohannes
1207 1344 1298 1414 de
1327 1342 1605 1415 Sancto
1639 1342 2016 1415 Germano
2049 1351 2125 1414 et
2154 1341 2517 1438 magister
2542 1340 2734 1433 Ray·

539 1445 864 1515 mundus
927 1441 1150 1514 iudex
1213 1453 1288 1515 et
1349 1444 1760 1515 advocatus
1814 1441 2255 1515 Casinensis
2310 1444 2589 1514 vadunt
2640 1464 2733 1511 ex

537 1553 754 1643 parte
807 1553 1262 1639 conventus3
1334 1554 1409 1615 et
1461 1546 1877 1641 approbata
1934 1566 2071 1640 per
2120 1542 2330 1640 ipsos
2385 1540 2765 1614 dominos·

537 1642 1017 1742 inquisitione
1053 1642 1247 1741 ipsa,
1286 1644 1736 1717 electionem
1774 1644 2053 1715 factam
2091 1646 2183 1716 de
2220 1642 2555 1742 predicto
2588 1642 2733 1713 fra-

536 1755 651 1817 tre
701 1744 1062 1817 Pandulfo
1114 1744 1314 1816 iuxta
1363 1746 1801 1817 mandatum
1867 1744 2152 1817 cesaris
2217 1751 2728 1841 acceptarunt.

685 1846 968 1917 Eodem
1021 1868 1288 1917 mense
1338 1844 1653 1918 Iacobus
1707 1848 1801 1918 de
1855 1844 2131 1917 Molino
2188 1853 2452 1942 captus
2494 1868 2537 1915 a
2574 1867 2729 1913 ma·

533 1944 770 2041 gistro
821 1943 1212 2017 iustitiario
1268 1955 1578 2044 propter
1630 1969 1840 2018 arma
1898 1946 2265 2042 prohibita
2304 1955 2380 2017 et
2428 1944 2727 2016 seditio-

533 2070 712 2117 nem
763 2046 1069 2141 factam.,
1123 2046 1658 2119 custodiendus
1710 2045 2025 2119 traditur
2076 2046 2151 2118 in
2192 2046 2501 2118 castello
2536 2044 2727 2116 Nea·

531 2145 732 2244 poly⁷
771 2156 844 2218 et
881 2146 1216 2219 nonnulli
1255 2146 1376 2219 alii
1414 2146 1753 2220 seditiosi
1790 2146 2210 2244 capiuntur,
2250 2148 2444 2219 etad
2474 2155 2721 2218 castra

417 2290 428 2295 -
532 2246 676 2320 alia
712 2248 788 2319 in
828 2246 1176 2345 captione
1215 2247 1628 2320 mittuntur.

681 2349 842 2421 Hoc
891 2372 1088 2420 anno
1139 2348 1512 2421 lohannes
1560 2371 1692 2419 rex
1731 2350 2105 2445 quondam
2140 2344 2721 2419 lherosolimita·

531 2473 673 2521 nus
711 2460 894 2549 aput
930 2448 1653 2548 Constantinopolim
1692 2460 1959 2522 nature
1999 2447 2394 2522 concessit.
2459 2448 2721 2518 Mense

528 2548 735 2621 Iulii·
803 2549 1120 2622 Romani
1186 2551 1433 2647 plebei
1499 2551 1861 2648 populum
1930 2550 2395 2623 concitantes
2462 2557 2720 2621 contra

527 2651 943 2723 Iohannem
979 2653 1070 2724 de
1107 2650 1287 2746 Poly
1315 2663 1747 2724 senatorem
1783 2651 2023 2746 Urbis,
2060 2652 2311 2748 ipsum
2342 2647 2719 2722 senatorie

528 2750 870 2848 dignitati
907 2755 1180 2825 cedere
1219 2752 1768 2850 compulerunt‚
1824 2761 1901 2825 et
1949 2753 2363 2824 Iohannem
2400 2753 2493 2823 de
2531 2749 2719 2823 Cen-

529 2852 642 2926 cio
673 2852 1224 2927 substituerunt
1243 2853 1527 2950 eidem3
1557 2863 1867 2952 propter
1884 2855 2078 2950 quod
2104 2852 2371 2925 seditio
2396 2861 2469 2923 et
2494 2853 2717 2923 cedes

527 2955 762 3026 multa
802 2955 998 3027 facta
1036 2964 1157 3026 est
1194 2954 1471 3052 populi,
1527 2979 1701 3027 cum
1751 2954 1947 3026 idem
1998 2954 2370 3025 Iohannes
2409 2955 2501 3025 de
2538 2950 2719 3045 Poly

529 3077 615 3126 se
667 3054 744 3125 in
796 3055 980 3126 turri
1031 3079 1168 3126 sua
1223 3054 1599 3152 receperit
1644 3065 1904 3127 contra
1939 3055 2323 3127 Romanos
2374 3062 2449 3127 et
2499 3076 2717 3124 sena-

525 3163 770 3226 torem
822 3154 960 3226 sibi
1013 3154 1541 3251 substitutum,
1606 3165 1681 3227 et
1730 3155 2006 3229 bellum
2062 3151 2321 3227 contr'a
2376 3177 2509 3226 eos
2560 3175 2716 3224 mo-

525 3253 716 3328 verit
751 3253 1226 3351 intestinum3
1263 3257 1721 3353 tandemque
1757 3281 1903 3353 pax
1940 3257 2343 3329 reformata
2378 3262 2497 3326 est
2521 3253 2716 3325 inter

476 3374 478 3376 ’
527 3379 686 3449 eos,
715 3354 787 3426 in
818 3366 1088 3428 senatu
1119 3358 1211 3427 de
1242 3377 1623 3430 consensu
1651 3357 1802 3429 iam
1832 3356 2001 3429 dicti
2030 3355 2385 3428 Iohannis
2416 3356 2509 3427 de
2535 3353 2716 3448 Poly

520 3455 856 3528 {ohanne
896 3458 988 3529 de
1026 3455 1304 3531 Cencio
1342 3467 1809 3532 remanente.

675 3555 940 3628 Mense
975 3556 1296 3654 Augusti
1345 3581 1481 3656 pro
1521 3557 2089 3631 confirmatione
2128 3556 2520 3630 electionis
2558 3554 2709 3627 iam

523 3654 696 3729 dicti
729 3657 978 3731 fratris
1011 3655 1343 3730 Pandulfi
1381 3659 1787 3756 optinenda
1825 3681 1866 3728 a
1904 3682 2127 3756 papa,
2166 3661 2445 3730 vadunt
2481 3657 2713 3728 frater

521 3757 895 3832 Berardus
935 3761 1026 3832 de
1063 3758 1390 3852 Babuco‚
1430 3760 1661 3833 frater
1688 3760 2063 3832 Iohannes
2103 3761 2194 3830 de
2223 3758 2497 3832 Sancto
2530 3757 2709 3829 Ger·

523 3881 773 3953 mano,
829 3853 1062 3932 frater
1097 3860 1506 3958 Gregorius
1562 3864 1652 3934 de
1699 3860 1974 3933 Sancto
2012 3859 2426 3956 Stephana,
2479 3859 2711 3930 frater

523 3958 956 4056 Stephanus
1006 3963 1098 4032 de
1149 3961 1503 4034 Corvario
1576 3971 1651 4033 et
1712 3961 2079 4058 magister
2131 3961 2561 4055 Raynaldus
2618 3960 2707 4028 de

520 4059 755 4152 Cayra
788 4060 1007 4133 iudex
1039 4072 1111 4134 et
1141 4065 1549 4134 advocatus
1580 4061 2019 4138 Casinensis
2056 4071 2235 4158 aput
2264 4060 2710 4151 Viterbium3

521 4159 645 4255 qui
697 4162 1046 4258 quoniam
1107 4161 1448 4261 optinere
1498 4163 1699 4234 illam
1756 4188 1903 4236 non
1956 4173 2362 4260 potuerunt
2419 4185 2459 4232 a
2514 4185 2707 4257 papa

518 4283 570 4354 a)
611 4304 679 4339 m.
723 4285 763 4339 1.
801 4290 856 4340 in
893 4291 1128 4356 maryine
