3050 4900
1272 445 1350 515 A.
1415 446 1628 521 1229.
2450 447 2547 517 87

351 675 396 722 n
436 675 471 721 e
503 650 658 744 quis
695 653 764 717 et
799 648 1028 717 munis
1065 644 1392 717 decenter
1429 646 1699 717 armati
1734 650 2039 717 vestrum
2072 644 2177 717 ad
2196 668 2331 717 nos
2354 646 2549 731 festi·

357 754 537 823 netis
589 770 982 840 accessum,
1037 748 1376 841 quoniam
1427 768 1559 816 nos
1606 747 1952 817 universis
1986 752 2052 816 et
2086 745 2382 841 sinqulis
2413 768 2548 839 pro

357 853 469 925 sui
529 844 876 943 qualitate
937 847 1200 917 servitii
1255 845 1673 917 cavabimus
1734 844 2183 937 respondere.
2277 846 2549 919 Datum

361 956 542 1045 ceput
559 948 906 1019 Sanctum
929 946 1362 1019 &eumanum
1389 948 1457 1018 3.
1479 946 1663 1017 lvon.
1691 945 2104 1019 Octobrisss.
2124 946 2547 1019 indictionis.

510 1048 790 1122 Civitas
819 1044 1050 1117 Teani
1081 1044 1514 1143 imperatori
1550 1068 1633 1117 se
1664 1045 2001 1141 reddidit,
2038 1047 2207 1117 data
2242 1046 2548 1143 optione

361 1150 720 1246 episcopo
760 1146 1255 1218 r'emanendi
1237 1170 1311 1217 m
1350 1168 1587 1241 regno
1626 1156 1704 1217 et
1740 1145 2179 1243 episcopatu
2218 1170 2382 1241 suc„
2430 1147 2551 1255 vel

363 1248 678 1323 exeundi
719 1247 781 1319 si
820 1247 1066 1319 vellet.

509 1346 958 1422 Demanium
992 1345 1194 1417 curie
1216 1345 1654 1419 Casinensis
1673 1370 1811 1443 per
1832 1346 2065 1419 dictos
2090 1346 2549 1473 camerarios

364 1461 600 1525 totum
641 1448 1059 1545 applicatur
1095 1445 1280 1518 fisco
1318 1446 1707 1543 imperiali.

511 1552 620 1621 Ad
660 1572 956 1620 roccam
995 1547 1250 1619 Ianule
1291 1546 1545 1617 vinnm
1588 1556 1663 1617 et
1698 1546 2044 1619 victualia
2094 1546 2547 1621 deferuntur.

515 1649 834 1736 Quidam
881 1648 1034 1719 Leo
1075 1646 1422 1743 Crinutus
1464 1646 1807 1719 Gaietam
1856 1651 2143 1721 vadens
2201 1670 2291 1719 ex
2340 1657 2551 1745 parte

363 1749 836 1849 imperatoris
875 1759 954 1820 ut
990 1771 1074 1821 se
1113 1749 1460 1821 redderet
1495 1748 1957 1844 imperatori,
1991 1752 2085 1821 ab
2124 1747 2306 1844 ipsis
2336 1746 2553 1821 Gaie-

362 1852 558 1925 tanis
597 1850 1036 1924 interfectus
1077 1858 1214 1921 est.

512 1951 930 2048 Imperator
961 1958 1243 2020 mutato
1275 1948 1683 2019 castellano
1716 1948 1786 2019 in
1818 1971 2040 2019 rocca
2064 1948 2351 2041 Ianule,
2377 1972 2551 2027 eam

366 2051 723 2138 Pandulfo
757 2060 832 2121 et
857 2049 1229 2121 Robberto
1262 2048 1583 2121 dominis
1612 2048 1906 2143 Aquini,
1936 2072 2078 2119 nec
2107 2073 2255 2121 non
2285 2050 2553 2123 castel-

363 2153 521 2223 lum
553 2147 1016 2223 Pontiscurvi
1049 2157 1124 2219 et
1154 2148 1544 2221 castellum
1577 2148 1869 2219 Novum
1902 2148 2313 2221 committit.
2363 2150 2549 2221 Item

365 2256 730 2324 ducentos
784 2248 1058 2321 milites
1115 2247 1338 2321 mittit
1387 2248 1463 2319 in
1503 2246 1886 2341 Marsiaim
1941 2272 2085 2344 que
2136 2259 2287 2321 tota
2342 2250 2555 2322 rediit

365 2357 454 2425 ad
495 2350 932 2425 fidelitatem
967 2372 1188 2421 suam
1231 2358 1541 2447 excepta
1582 2358 1785 2419 turre
1824 2350 1914 2421 de
1951 2350 2166 2421 Fece.

517 2453 910 2526 Bertoldus
948 2451 1180 2524 frater
1215 2449 1422 2523 ducis
1449 2449 1737 2548 Spoleti
1778 2475 1862 2524 se
1894 2448 1967 2522 in
2001 2451 2353 2526 Marsiam
2386 2475 2556 2523 con-

368 2554 554 2648 tulit,
609 2553 1064 2650 imperatore
1105 2554 1528 2623 mandante.

517 2655 936 2750 Imperator
990 2676 1028 2723 a
1082 2651 1358 2724 Sancto
1397 2653 1687 2724 Thoma
1734 2675 2053 2724 movens
2112 2663 2359 2724 castra
2418 2677 2551 2724 sua

373 2757 486 2826 14.
528 2753 814 2825 mensis
854 2751 1228 2846 Octobris,
1283 2751 1528 2849 pluvia
1578 2751 1977 2847 ingruente
2030 2774 2385 2824 reversus
2440 2762 2559 2823 est

367 2856 457 2925 ad
521 2853 880 2926 Sanctum
933 2852 1446 2946 Germanum3
1527 2851 1774 2948 ibique
1840 2875 1975 2948 per
2028 2852 2195 2924 dies
2258 2861 2554 2948 septem

371 2978 661 3025 moram
702 2953 1014 3046 faciens,
1058 2953 1228 3024 inde
1269 2952 1656 3048 digressus
1698 2961 1838 3046 est,
1892 2951 2034 3023 iter
2070 2951 2559 3025 faciensve-r-

371 3079 502 3126 sus
521 3054 925 3151 Aquinum,
957 3077 1135 3125 suas
1167 3053 1365 3124 orbis
1396 3051 1852 3151 principibus
1884 3051 2215 3148 dirigens
2250 3076 2559 3125 excusa-

368 3155 600 3227 torias
661 3179 890 3252 sup-er
946 3154 1142 3225 facto
1200 3164 1398 3226 terre
1455 3163 1755 3249 sancte,
1828 3177 2060 3251 super
2112 3177 2257 3248 quo
2312 3151 2555 3268 ipsum

371 3256 561 3328 falso
602 3256 971 3327 detulerat
1008 3253 1428 3351 patriarcha
1467 3253 2162 3326 lherosolimitanus
2202 3256 2294 3324 ad
2330 3253 2559 3325 domi-

373 3381 551 3428 num
592 3379 895 3468 papam,
949 3357 1142 3450 quod
1191 3377 1358 3425 cum
1401 3354 1711 3427 soldano
1752 3364 2111 3450 treuguas
2149 3352 2561 3427 firmaverit

371 3455 444 3526 in
498 3454 990 3552 ignominiam
1047 3452 1369 3526 nominis
1428 3453 1849 3548 christiani·
1906 3477 2136 3551 super
2171 3479 2314 3550 quo
2352 3446 2558 3526 testi-

372 3557 707 3628 monium
767 3554 1065 3625 invocat
1115 3554 1649 3627 venerabilium
1702 3553 2244 3628 Wintoniensis
2310 3565 2381 3628 et
2446 3555 2559 3629 Ci-

374 3655 785 3729 cestrensis
825 3655 1376 3753 episcoporum,
1431 3656 1965 3752 magistrorum
2014 3656 2279 3726 domus
2320 3655 2559 3728 sancti

372 3755 726 3829 Iohannis
768 3765 842 3826 et
869 3755 1474 3849 Teutonicorum7
1513 3755 1956 3828 marescalci
1996 3757 2263 3826 domus
2288 3755 2558 3852 Hospi-

373 3857 569 3954 talis⁷
625 3865 702 3928 et
750 3855 1000 3927 fratris
1036 3855 1390 3951 Aymarii⁷
1443 3857 1754 3929 fratrum
1809 3879 2106 3952 quoque
2143 3855 2561 3928 Predicato-

318 3981 564 4048 orum,
621 3956 742 4054 qui
779 3954 1118 4052 treuguis
1157 3955 1354 4030 initis
1393 3955 1905 4029 interfuerant.

521 4057 672 4129 Illis
730 4057 989 4129 diebus
1047 4058 1514 4130 antemurale
1564 4055 1830 4130 cecidit
1880 4066 2262 4154 portarum
2302 4076 2561 4128 mona-

375 4159 579 4230 sterii
613 4156 1078 4232 CasinensiS.

401 4335 410 4344 ,
522 4259 728 4331 Tunc
789 4256 1078 4336 nobiles
1136 4255 1432 4354 quidam
1491 4257 1809 4332 Romani
1870 4259 1959 4330 ad
2026 4256 2559 4354 imperatorem
