3050 4900
491 441 629 511 96-
899 437 1464 513 RYCCARDUS
1519 438 1642 511 DE
1696 438 1769 511 S.
1826 436 2289 511 GERMANO

641 637 902 710 Notum
953 660 1228 733 quoque
1277 640 1613 729 facimus,
1668 636 1862 733 quod
1914 638 2242 709 dominus
2292 640 2688 731 imperator

404 735 413 769 ³
493 740 1100 818 remittitmmnem
1147 740 1500 835 offensam
1547 738 1935 811 Teutonicis
1969 738 2403 810 Lombardis
2447 737 2687 810 Tuscis

425 906 428 909 ,
491 844 558 909 et
593 837 991 911 hominibus
1027 838 1263 911 Sicilie
1298 838 1749 933 generaliter,
1802 844 1867 910 et
1904 838 2217 931 Gallicis,
2272 840 2391 933 qui
2430 845 2685 909 contra

419 1010 430 1031 ,
495 962 650 1009 eum
685 939 1008 1010 Romane
1044 939 1328 1012 ecclesie
1365 938 1819 1029 adheserunt,
1856 944 1926 1011 et
1958 938 2221 1010 dictum
2248 936 2684 1009 Acerrarum

405 3951 506 4006 lul.

497 1040 823 1111 comitem
859 1042 1028 1124 fecit
1061 1042 1329 1132 iurare,
1367 1038 1564 1135 quod
1596 1038 1789 1113 nullo
1826 1061 2143 1133 unquam
2180 1043 2495 1137 tempore
2526 1061 2685 1132 pre-

497 1138 728 1210 dictos
763 1139 1070 1225 offendet
1107 1162 1234 1211 nec
1267 1141 1621 1233 permittet
1657 1138 1927 1225 offendi
1956 1161 2093 1231 pro
2131 1161 2237 1229 ec,
2292 1138 2488 1233 quod
2520 1162 2686 1211 con-

495 1246 614 1309 tra
665 1262 846 1331 eum,
901 1247 1066 1310 orta
1123 1240 1529 1333 discordia,
1582 1238 1906 1311 Romane
1954 1237 2239 1313 ecclesie
2288 1240 2687 1325 astiterunt,

497 1345 604 1411 set
635 1364 886 1432 pacem
927 1341 1024 1411 eis
1061 1345 1132 1411 et
1165 1339 1446 1412 ecclesie
1483 1338 1909 1411 observabit.
1967 1338 2278 1409 Remittit
2302 1340 2513 1409 etiam
2540 1340 2691 1432 ipse

499 1439 806 1510 domnus
855 1441 1249 1531 imperator
1294 1440 1683 1513 sententias
1730 1440 2261 1511 constitutiones
2308 1444 2375 1511 et
2420 1440 2689 1529 banna,

499 1540 562 1611 si
609 1562 754 1633 qua
801 1562 933 1633 per
980 1563 1136 1611 eum
1186 1540 1297 1612 vel
1332 1563 1468 1634 per
1519 1539 1705 1612 alios
1752 1539 1908 1611 lata
1964 1537 2073 1611 vel
2116 1538 2309 1609 edita
2358 1544 2525 1611 sunt
2572 1562 2690 1609 oc-

499 1641 791 1711 casione
825 1640 1232 1711 huiusmodi
1267 1646 1522 1712 contra
1570 1662 1711 1711 eos.
1814 1638 2173 1709 Promittit
2206 1640 2445 1731 etiam,
2500 1638 2695 1732 quod

501 1745 739 1810 terras
791 1739 1078 1811 ecclesie
1125 1742 1195 1811 in
1245 1740 1513 1812 ducatu
1568 1746 1635 1811 et
1688 1737 2015 1811 marchia
2076 1762 2201 1811 seu
2264 1738 2411 1811 alio
2463 1740 2696 1832 patri-

502 1841 742 1909 monio
801 1838 1083 1911 ecclesie
1131 1862 1276 1911 non
1327 1839 1617 1911 invadet
1669 1862 1799 1911 nec
1845 1838 2249 1909 devastabit
2294 1862 2423 1932 per
2466 1862 2541 1909 se
2588 1838 2700 1909 vel

495 1960 630 2031 per
683 1938 890 2032 alios,
945 1941 1128 2011 sicut
1172 1942 1242 2011 in
1291 1941 1575 2032 scriptis
1626 1939 1719 2011 ab
1767 1941 1923 2033 ipso
1959 1938 2226 2010 >domno
2263 1940 2697 2032 imperatore

501 2041 720 2123 factis
767 2062 982 2133 super
1025 2040 1364 2133 predictis
1413 2040 1763 2131 omnibus,
1816 2038 2021 2111 bullis
2059 2039 2299 2110 aureis
2334 2040 2699 2131 impressis

504 2145 570 2209 et
619 2141 920 2232 typariis
967 2164 1094 2211 sue
1143 2140 1563 2233 mayestatis
1606 2140 1893 2211 munitis
1924 2137 2243 2231 plenarie
2278 2142 2694 2211 continetur.

503 2238 657 2311 Nos
695 2246 931 2311 autem
969 2240 1461 2311 nichilominus
1495 2240 1711 2311 tactis
1746 2240 2239 2313 sacrosanctis
2284 2238 2697 2333 euanyeliis,

505 2341 902 2412 iuravimus
925 2363 1328 2432 procurare
1356 2341 1546 2409 bona
1578 2338 1739 2432 fide,
1776 2338 1969 2433 quod
1999 2338 2360 2432 predictus
2396 2337 2702 2410 domnus

509 2442 907 2532 imperator
952 2440 1278 2532 predicta
1335 2438 1669 2531 servabit,
1724 2444 1791 2510 et
1842 2445 2097 2511 contra
2150 2463 2237 2510 ea
2276 2463 2421 2513 non
2457 2440 2699 2511 veniet.

515 2539 723 2628 Quod
754 2541 818 2611 si
850 2543 1069 2630 fieret,
1123 2542 1260 2611 nisi
1300 2541 1494 2624 infra
1532 2545 1678 2610 tres
1713 2563 1987 2612 menses
2022 2542 2092 2610 in
2131 2562 2449 2634 reynum,
2504 2542 2701 2624 infra

513 2645 827 2734 quatuor
861 2643 931 2710 in
959 2639 1273 2730 Italiam,
1311 2641 1510 2724 infra
1540 2641 1840 2734 quinque
1866 2646 2073 2712 extra
2101 2639 2390 2712 Italiam
2422 2640 2707 2712 duxerit

513 2738 1072 2832 emendandum,
1141 2747 1463 2834 potenter
1515 2764 1605 2810 ac
1652 2746 1984 2834 patenter
2030 2739 2132 2814 ad
2182 2742 2702 2835 requisitionem

513 2839 801 2912 ecclesie
829 2843 1246 2913 assistemus
1273 2842 1337 2912 ei
1371 2846 1628 2912 contra
1668 2839 1965 2912 eundem
2004 2839 2341 2912 domnum
2396 2843 2703 2934 impera-

515 2948 765 3034 torem,
821 2941 1044 3013 donec
1090 2942 1535 3024 satisfecerit.
1645 2939 1851 3027 Ouod
1902 2942 1964 3010 si
2009 2963 2138 3032 per
2188 2941 2530 3012 domnum
2579 2942 2705 3011 im-

506 3046 921 3135 peratorem
971 3042 1260 3131 steterit,
1315 3040 1505 3134 quod
1548 3039 1872 3111 arbitros
1906 3063 2050 3110 non
2088 3040 2391 3134 eleyerit,
2448 3040 2553 3112 vel
2589 3063 2709 3112 ar·

519 3142 743 3210 bitros
775 3139 1216 3232 impediverit
1247 3162 1332 3210 ne
1364 3139 1789 3233 procedant,
1827 3161 1961 3211 nos
1990 3140 2271 3212 ecclesie
2298 3141 2707 3232 tenebimur,

518 3247 598 3310 ut
647 3244 756 3309 est
801 3242 1164 3332 scriptum.
1259 3238 1340 3310 Si
1393 3246 1628 3310 autem
1680 3239 1977 3312 ecclesia
2016 3241 2331 3312 arbitros
2368 3240 2551 3312 dare
2588 3263 2711 3311 no-

520 3340 749 3430 luerit,
805 3339 914 3410 vel
948 3339 1162 3410 datos
1197 3339 1638 3433 impediverit
1668 3363 1755 3410 ne
1784 3340 2206 3434 procedant,
2254 3365 2389 3413 nos
2425 3363 2512 3411 ex
2546 3347 2713 3412 wne
2812 3319 2835 3338 ’

521 3444 862 3534 quantum
902 3438 1004 3510 ad
1037 3437 1222 3511 hunc
1259 3440 1635 3510 articulum
1687 3463 1828 3510 non
1866 3441 2255 3512 tenebimur
2290 3443 2711 3512 iuramento.

524 3538 632 3610 Ad
681 3539 879 3610 cuius
927 3541 1029 3609 rei
1069 3541 1489 3611 memoriam
1522 3563 1819 3632 presens
1854 3542 2194 3633 scriptum
2228 3542 2383 3628 fieri
2416 3542 2714 3624 fecimus

523 3637 772 3732 siyillis
833 3643 1096 3712 nostris
1159 3641 1687 3710 communitum.
1794 3639 2040 3710 Actum
2105 3640 2305 3733 apud
2364 3639 2712 3711 Sanctum

529 3741 962 3812 Germanum
994 3763 1186 3812 anno
1223 3741 1436 3814 1230.
1467 3762 1703 3810 mense
1729 3738 1929 3832 Iulio,
1962 3741 2079 3813 23
2110 3740 2219 3812 die
2248 3741 2509 3868 mensis
2536 3742 2715 3812 eius-

529 3840 710 3930 dem,
749 3839 1126 3911 indictione
1165 3843 1230 3914 3.

678 3939 908 4035 Igitur
959 3942 1226 4012 eodem
1279 3938 1394 4010 die
1451 3962 1541 4035 pr
1546 3937 1761 4010 edicti
1802 3939 2221 4011 cardinales
2261 3939 2425 4012 vice
2464 3938 2719 4011 domni

529 4063 724 4136 pape
763 4043 1131 4112 dederunt
1167 4042 1442 4111 domno
1480 4037 1913 4136 imperatori
1966 4044 2104 4113 sub
2142 4040 2388 4112 debito
2428 4039 2723 4136 prestiti

525 4139 925 4211 =iuramenti
962 4139 1276 4212 firmiter
1312 4139 1384 4210 in
1427 4140 1825 4235 mandatis,
1880 4151 1959 4212 ut
1995 4140 2339 4213 restituat
2376 4139 2724 4238 quicquid

533 4251 980 4337 occupatum
1020 4252 1138 4314 est
1174 4264 1311 4338 per
1347 4239 1594 4336 ipsum
1634 4242 1757 4313 vel
1794 4240 1979 4314 alios
2022 4241 2403 4314 ministros
2444 4265 2622 4313 suos
2652 4239 2726 4311 in
