3050 4900
1269 474 1348 549 A.
1413 475 1623 550 1226.
2450 478 2542 549 31

361 675 756 748 mittuntur
805 677 894 746 ad
951 695 1224 772 papam·
1279 699 1408 771 pro
1463 675 2005 773 compositione
2060 676 2253 746 inter
2302 675 2551 773 ipsum

365 788 444 849 et
476 777 940 849 Lombardos
976 775 1337 848 facienda.
1418 777 1620 847 Inter
1658 801 1871 872 quos,
1920 777 2293 847 mediante
2334 801 2553 874 papa,

361 879 558 950 facta
593 876 810 948 estin
843 876 1041 947 hunc
1072 878 1412 948 modum:
1444 879 1636 973 quod
1668 877 2077 974 imperator
2097 877 2553 973 generaliter

365 977 676 1051 remittit
737 977 1082 1048 omnibus
1140 977 1488 1074 predictis
1547 977 2003 1072 civitatibus,
2050 977 2329 1090 ‘legatis
2363 1002 2551 1090 ‘pre-

365 1078 704 1150 sentibus
762 1077 1072 1149 ibidem.
1151 1088 1222 1149 et
1273 1077 1412 1174 ipsi
1468 1100 1601 1189 pro
1657 1088 1869 1175 parte
1926 1077 2305 1150 civitatum
2358 1077 2550 1150 iura-

363 1188 632 1252 verunt
685 1201 946 1275 pacem
988 1179 1180 1249 inter
1217 1202 1302 1249 se
1341 1178 1663 1249 invicem
1704 1182 1929 1252 obsei
1934 1202 2138 1274 vare,
2191 1189 2263 1249 et
2302 1181 2547 1250 denuo

364 1277 839 1352 committere
879 1301 1046 1349 cum
1089 1280 1362 1350 domno
1388 1290 1413 1321 ⁸
1461 1278 1917 1376 imperatore
1958 1278 2233 1350 milites
2272 1282 2419 1352 400
2456 1282 2547 1352 ad

367 1379 782 1452 subsidium
822 1389 1020 1450 terre
1062 1389 1322 1450 sancte
1362 1379 1432 1450 in
1474 1379 2085 1452 transfretatione
2124 1401 2281 1451 sua.

512 1481 927 1575 Imperator
949 1503 1210 1552 mense
1229 1479 1667 1551 Decembris
1691 1503 1861 1551 cum
1870 1479 2354 1588 imperatrice
2374 1503 2547 1550 con-

363 1590 568 1653 sorte
620 1604 756 1650 sua
809 1579 880 1652 in
931 1577 1258 1652 Siciliam
1309 1580 1769 1674 transfretat,
1826 1565 1901 1652 e't
1946 1591 2123 1651 tunc
2160 1579 2545 1677 Stephano

359 1680 608 1754 abbati
646 1679 1040 1752 Casinensi
1077 1680 1216 1752 has
1254 1680 1715 1776 indulgen-tie
1754 1680 2041 1752 litteras
2082 1679 2331 1751 mittit:

509 1780 930 1853 Fredericus
982 1787 1106 1852 etc.
1162 1780 1525 1874 Stephano
1582 1781 1963 1853 venerabili
2004 1781 2373 1854 Casinensi
2422 1779 2546 1850 ab·

359 1881 531 1974 bati,
583 1881 772 1967 fideli
805 1903 936 1953 suo
975 1886 1100 1953 etc.
1197 1880 1555 1952 Fidelitati
1590 1887 1703 1952 tue
1733 1882 2176 1974 presentibus
2225 1878 2547 1952 volumus

359 2004 512 2052 esse
559 1987 826 2074 notum,
879 1981 1072 2076 quod
1119 1980 1222 2052 ad
1263 1980 1845 2074 supplicationem
1885 1989 2115 2074 tuam,
2168 2003 2383 2076 quam
2418 2003 2549 2073 per

359 2080 658 2152 iudicem
708 2080 993 2152 Petrum
1043 2079 1130 2151 de
1179 2079 1451 2150 Sancto
1491 2081 1851 2152 Germano
1898 2079 2169 2167 fidelem
2220 2086 2544 2151 nostrum

357 2187 610 2253 nostro
647 2179 933 2250 culmini
963 2181 1366 2272 porrexisti,
1395 2182 1769 2272 petitiones
1804 2186 1971 2251 tuas
2007 2180 2378 2250 clementer
2416 2179 2544 2250 ad-

357 2282 702 2373 misimuS,
755 2302 967 2373 super
1016 2303 1098 2350 eo
1151 2278 1486 2372 videlicet,
1542 2278 1737 2374 quod
1788 2281 2083 2374 antiqua
2122 2280 2287 2350 iura
2325 2285 2394 2350 et
2426 2303 2543 2350 ra-

358 2383 620 2474 tiones,
685 2380 935 2475 quibus
985 2385 1298 2473 tempore
1351 2380 1539 2475 reyis
1590 2379 1936 2451 Guilielmi
1986 2379 2355 2452 recolende
2403 2403 2543 2449 me-

355 2482 578 2553 morie
605 2486 798 2551 tuam
827 2482 1339 2573 monasterium
1369 2486 1474 2552 cst
1493 2482 1883 2575 provisum,
1913 2482 2037 2551 tibi
2054 2487 2123 2552 et
2138 2482 2273 2573 ipsi
2290 2503 2541 2550 mona-

353 2584 569 2653 sterio
597 2603 1026 2660 conservare
1053 2582 1138 2652 de
1165 2586 1420 2653 nostra
1447 2583 1689 2675 qratia
1729 2581 2215 2675 diynaremur.
2292 2579 2539 2652 Verum

354 2684 525 2777 quia
573 2680 658 2751 de
712 2676 1218 2773 ipsis-§iuribus
1245 2688 1312 2751 et
1344 2682 1745 2753 rationibus
1780 2704 1921 2751 non
1958 2682 2361 2772 constabat,
2410 2705 2540 2772 per

354 2781 638 2853 Petram
691 2780 776 2852 de
827 2780 1184 2877 Elinia-et
1229 2779 1628 2873 Nycolaum
1683 2779 1769 2851 de
1826 2781 2073 2851 Cicala
2120 2781 2539 2851 iustitiarios

354 2888 538 2953 terre
565 2880 872 2951 Laboris
897 2882 1408 2974 inquisitionem
1437 2883 1591 2965 fieri
1615 2881 1912 2963 fecimus
1940 2879 2326 2972 diliyenter.
2380 2879 2536 2967 Qua

353 2980 728 3053 clementer
765 2982 1108 3073 inspecta,
1163 2987 1232 3050 et
1256 3004 1391 3073 per
1424 2978 1689 3051 iudices
1726 2980 1915 3051 curie
1950 2985 2191 3051 nostre
2228 2977 2540 3072 diliyenti

347 3082 744 3175 previsione
794 3081 1144 3172 discussa,
1199 3079 1518 3171 capitula
1569 3104 1700 3175 que
1736 3082 2031 3164 inferius
2068 3081 2533 3172 continentur,

352 3184 534 3255 sicut
569 3180 868 3275 leqitime
902 3185 1067 3252 sunt
1090 3180 1436 3273 probata,
1475 3180 1831 3251 videlicet:

507 3280 714 3369 Quod
740 3287 1052 3373 tempore
1078 3282 1265 3374 reyis
1293 3279 1640 3352 Guilielmi
1672 3279 1985 3369 secundi,
2024 3281 2190 3352 dum
2226 3281 2374 3373 ipse
2412 3303 2538 3350 rex

349 3404 579 3453 causa
617 3382 968 3453 orationis
1001 3382 1299 3451 venisset
1335 3381 1436 3452 ad
1468 3382 1980 3452 monasterium
2022 3381 2423 3471 Casinense,
2472 3386 2537 3450 et

283 3552 303 3575 ,
343 3505 483 3575 pro
535 3482 808 3551 causa*
859 3476 1344 3573 procuratie28
1390 3505 1526 3573 pro
1563 3483 1717 3573 ipso
1772 3479 2033 3551 domno
2085 3504 2248 3575 reye
2284 3480 2533 3551 Petrus

349 3580 437 3652 de
464 3580 733 3672 Insula,
765 3586 933 3651 tunc
955 3581 1357 3652 Casinensis
1387 3580 1641 3671 abbaS,
1670 3582 1836 3664 fecit
1862 3580 2099 3675 colliyi
2125 3579 2489 3651 collecta'm
2508 3591 2534 3623 ⁰

344 3704 476 3774 per
511 3686 734 3757 totam
775 3680 1143 3752 abbatiam
1177 3704 1310 3774 per
1345 3680 1723 3751 ordinatos
1752 3679 2033 3751 baiulos
2058 3703 2251 3771 suos,
2292 3682 2531 3771 etipse

342 3782 766 3873 procuravit
813 3804 990 3850 eum.
1076 3780 1248 3852 Item
1300 3780 1492 3875 quod
1541 3804 1697 3850 cum
1754 3779 2006 3873 aliquis
2056 3778 2533 3870 condempna-

343 3880 562 3953 batur
613 3883 684 3951 in
737 3880 1054 3951 mercede
1108 3883 1298 3951 curie
1349 3882 1572 3975 reyiS,
1624 3880 1985 3949 iustitiarii
2029 3879 2397 3962 faciebant
2444 3876 2531 3949 de

348 4052 395 4121 a)
435 4063 487 4105 et
527 4054 580 4106 d.
625 4070 671 4103 c.
713 4070 759 4103 c.
801 4051 1000 4103 domno
1038 4066 1194 4103 manu
1222 4053 1511 4105 recentiori
1540 4054 1593 4103 in
1626 4052 1741 4104 Ioco
1784 4066 1967 4103 vacuo.
2151 4048 2203 4114 b)
2242 4050 2317 4101 ita
2352 4062 2531 4101 vocem

339 4140 511 4193 -paene
544 4139 754 4179 erasam
785 4126 919 4191 quv.
1032 4126 1082 4190 c)
1113 4127 1189 4176 ita
1214 4122 1258 4175 1.
1281 4123 1333 4175 2.
1359 4122 1420 4186 3;
1451 4124 1605 4177 bodie
1633 4128 1786 4191 parte
1816 4136 1998 4176 vocum
2030 4136 2189 4173 erasa
2211 4120 2371 4189 collig
2388 4157 2530 4174 .....

343 4214 456 4267 per,
495 4213 654 4251 'nanu
689 4201 893 4251 recenti
927 4196 1180 4265 colligere
1218 4196 1374 4248 etiam
1417 4198 1605 4263 leqitur
1648 4195 1693 4249 1.

341 4306 444 4388 28)
495 4306 850 4384 procuratia
884 4306 922 4365 i.
959 4327 1014 4387 q.
1051 4305 1436 4383 procuratio,
1471 4304 1757 4383 exceptio
1793 4302 2027 4362 domini
2064 4321 2177 4382 per
2210 4301 2531 4365 vasallum.
