3050 4900
1207 402 1286 474 Α.
1352 404 1563 478 1226.
1626 403 1836 478 1227.
2514 407 2611 481 63

421 621 794 698 campane
827 600 1156 672 sonitum
1189 601 1391 674 nulla
1423 626 1685 676 earum
1715 613 1972 700 aperta
2005 603 2251 676 valeat
2276 604 2613 677 inveniri.

425 703 514 774 Et
573 725 805 798 super
853 701 996 774 hiis
1052 701 1510 798 inquirendis
1572 713 1857 774 certum
1914 703 2173 775 statuit
2211 729 2611 777 numerum

423 801 876 874 iuratorum
941 802 1064 898 qui
1135 827 1373 899 penas
1439 812 1758 875 statutas
1825 827 1867 875 a
1918 807 2609 900 transgressoribus

425 901 786 998 recipiant
841 926 972 998 pro
1029 903 1322 976 diversa
1379 903 1773 976 criminum
1826 903 2202 1000 qualitate
2290 905 2502 992 Quod
2544 905 2609 978 si

421 1001 690 1098 aliquis
741 1002 1149 1074 iuratorum
1192 1003 1263 1074 in
1305 1005 1470 1076 dolo
1511 1029 1647 1076 seu
1688 1005 1947 1076 fraude
1986 1005 2107 1076 vel
2144 1005 2607 1102 negligentia

420 1101 644 1173 fuerit
695 1103 1246 1200 deprehensuS,
1299 1126 1573 1202 penam
1626 1104 1939 1201 recipiat
1990 1128 2211 1202 quam
2265 1104 2605 1202 recipere

418 1205 782 1274 deberent
810 1203 1145 1300 predicti,
1185 1204 1452 1276 salvo
1435 1228 1504 1276 m
1548 1205 1893 1278 omnibus
1926 1208 2279 1278 mandato
2312 1215 2386 1277 et
2416 1205 2604 1280 ordi-

419 1303 718 1374 natione
757 1302 1146 1400 imperiali.

565 1405 770 1476 Idem
795 1403 1159 1500 magister
1176 1403 1611 1477 iustitiarius
1631 1428 1767 1501 per
1786 1416 2087 1502 apertas
2110 1405 2397 1478 litteras
2420 1429 2599 1478 suas

325 1547 330 1550 -
415 1503 793 1576 concessit
833 1505 1024 1575 dicto
1063 1504 1308 1577 abbati
1346 1504 1758 1602 Stephana,
1813 1515 1889 1576 ut
1926 1505 2065 1578 sibi
2100 1504 2361 1578 liceret
2394 1505 2595 1577 iuxta

412 1608 805 1677 recordum
846 1607 1210 1676 bonorum
1250 1604 1635 1676 hominum
1674 1604 1929 1677 Sancti
1967 1605 2322 1677 Germani
2366 1629 2595 1702 gene-

413 1704 608 1776 rales
649 1705 1018 1777 nundinas
1057 1729 1194 1802 per
1221 1729 1529 1800 annum,
1570 1728 1715 1801 quo
1743 1715 2087 1803 tempore
2117 1706 2369 1802 vellet,
2406 1705 2595 1778 ordi-

408 1827 590 1876 nare
629 1805 701 1875 in
741 1806 903 1902 ipsa
941 1815 1140 1878 terra
1180 1805 1434 1878 Sancti
1472 1805 1849 1878 Germani.

424 1908 429 1913 ’
559 1908 834 1980 Comes
873 1905 1342 2020 Raynaldus⁸
1378 1904 1576 1977 filius
1617 1905 2014 1999 Raynaldi⁸
2068 1909 2159 1978 de
2196 1905 2466 1976 Bareto
2508 1929 2591 1977 se

406 2015 660 2076 contra
702 2006 1236 2102 imperatorem
1273 2008 1347 2075 in
1385 2006 1777 2077 Introduco
1815 2005 2110 2102 recipit3
2159 2029 2380 2102 quern
2413 2005 2586 2076 Ber-

402 2105 650 2177 toldus
680 2105 911 2177 frater
937 2105 1338 2198 Raynaldi⁸¹
1373 2104 1545 2176 dicti
1573 2105 1781 2176 ducis
1811 2105 2094 2201 Spoleti
2126 2115 2585 2201 congregato

401 2204 767 2300 imperiali
810 2205 1142 2277 exercitu
1179 2204 1472 2277 obsidet
1510 2215 1586 2276 et
1624 2215 2024 2302 expugnat.

552 2306 709 2376 Hoc
747 2329 943 2376 anno
982 2305 1192 2377 lacus
1232 2304 1535 2398 Marsie,
1574 2305 1695 2401 qui
1732 2306 2091 2376 Fucinum
2130 2303 2419 2399 dicitur3
2466 2328 2584 2376 us-

399 2429 544 2501 que
603 2408 790 2479 adeo
848 2405 1170 2503 obriguit
1220 2417 1295 2479 et
1348 2405 1798 2502 congelavit.
1854 2407 2047 2504 quod
2106 2405 2451 2478 homines
2508 2407 2581 2477 in

397 2529 487 2577 eo
543 2508 872 2606 desuper
925 2508 1423 2603 ambulantes3
1473 2511 1705 2579 boves
1760 2507 2159 2579 trahebant
2212 2530 2381 2578 cum
2434 2515 2581 2577 tra-

282 2616 287 2620 “
397 2604 606 2679 bibus
647 2619 719 2679 et
758 2608 922 2680 aliis
961 2608 1491 2705 lignaminibus
1533 2608 1987 2681 necessariis
2027 2609 2119 2679 ad
2159 2606 2578 2704 coquinam.

1361 2760 1608 2848 1227.

537 2896 798 2969 Mense
849 2896 1165 2969 Ianuarii
1217 2894 1538 2967 carestia
1595 2894 1945 2965 frumenti
2001 2904 2204 2966 tanta
2260 2893 2333 2963 in
2391 2898 2572 2967 urbe

389 2994 626 3068 Roma
665 2998 858 3069 facta
901 3008 1044 3089 est,
1099 3007 1180 3068 ut
1214 2993 1543 3068 rublus2⁹
1581 2994 1797 3065 tritici
1837 3018 1971 3091 pro
2010 2994 2271 3090 viginti
2311 2994 2568 3066 solidis

385 3098 860 3168 denariorum
901 3096 1212 3171 senatus
1253 3095 1510 3169 haberi
1548 3095 1667 3165 vix
1706 3105 1989 3192 posset

532 3192 904 3270 Honorius
962 3222 1155 3296 papa
1205 3221 1383 3269 suos
1424 3198 1511 3267 ad
1551 3196 2085 3308 impelatorem
2126 3194 2196 3265 in
2237 3194 2564 3267 Siciliam

382 3298 684 3371 nuntios
724 3298 970 3395 mittit3
1008 3309 1089 3370 ut
1126 3297 1261 3369 sibi
1303 3308 1378 3369 et
1413 3296 1750 3367 Romane
1790 3296 1994 3367 curie
2032 3296 2103 3366 in
2144 3290 2568 3365 victualio³⁰

379 3399 847 3492 subveniret3
905 3398 1028 3494 qui
1082 3422 1218 3495 per
1253 3397 1660 3479 Henricum
1699 3399 1791 3467 de
1829 3394 2073 3467 Morra
2114 3394 2560 3490 magistrum

376 3496 845 3572 iustitiarium
888 3500 1028 3570 hoc
1065 3498 1224 3569 fieri
1267 3499 1590 3569 mandat.

526 3599 784 3671 Mense
837 3600 1075 3672 Martii
1126 3599 1364 3672 dictus
1403 3596 1775 3669 Honorius
1816 3620 2010 3694 papa
2048 3594 2225 3667 obiit
2266 3599 2376 3668 15.
2416 3594 2555 3662 Ka-

372 3697 636 3772 lendas
672 3700 970 3796 Aprilis,
1025 3711 1100 3772 et
1133 3698 1552 3795 Hugolinus
1603 3696 1977 3769 Ostiensis
2031 3696 2431 3791 episcopus
2483 3692 2556 3763 in

373 3823 646 3896 papam
699 3801 1144 3896 Giegorium
1199 3800 1642 3873 substitutus
1696 3807 1813 3869 est
1859 3796 1991 3888 illi3
2046 3795 2169 3892 qui
2218 3816 2355 3890 per
2402 3793 2556 3864 uni-

371 3923 676 3971 versum
717 3906 972 3974 orbern
1013 3903 1104 3973 de
1144 3924 1278 3973 sua
1317 3897 1787 3997 promotione
1828 3907 1903 3968 et
1928 3896 2126 3969 obitu
2160 3896 2550 3992 predeces-

368 4001 560 4073 soris
600 4001 716 4073 sui
756 4000 974 4073 mittit
1008 4002 1294 4073 litteras
1333 4001 1757 4096 generales.

365 4135 414 4204 a)
451 4134 585 4207 Ray.
627 4154 672 4191 c.

363 4226 464 4307 29)
516 4226 712 4288 hodie
754 4228 990 4303 rubbio,
1041 4228 1308 4292 modius,
1479 4228 1579 4309 30)
1631 4246 1728 4286 res
1776 4228 2203 4292 frumentaria.
