3050 4900
499 475 637 545 108
894 465 1459 540 RYCCARDUS
1516 464 1637 537 DE
1692 465 1764 537 S.
1823 464 2282 538 GERMANO

494 669 750 765 hibuit,
808 671 1172 740 mandans
1229 666 1414 763 ipsis
1475 666 1842 762 ludeis7u
1800 676 1877 736 ut
1934 666 2173 763 ipsam
2229 665 2300 736 in
2357 688 2545 762 pace
2585 666 2687 738 di-

496 771 788 843 mittant
829 768 1285 840 monasterio
1328 767 1740 842 Casinensi.

643 872 906 941 Mense
963 868 1306 941 Octobris
1363 867 1693 940 Marinus
1752 867 2156 941 Carazulus
2226 866 2445 937 miles
2503 866 2690 938 Nea-

494 973 868 1069 politanus
909 994 1078 1041 cum
1117 968 1266 1040 filio
1297 968 1535 1040 Annei
1574 972 1667 1041 de
1704 968 1887 1039 Rivo
1919 967 2252 1039 Matricio
2294 966 2689 1039 venientes

495 1075 585 1143 ad
625 1072 984 1145 Sanctum
1025 1070 1483 1141 Germanum
1536 1093 1702 1140 cum
1760 1067 2025 1139 litteris
2065 1067 2575 1165 imperialibus
2614 1078 2689 1140 et

497 1175 848 1244 mandato
880 1194 1013 1267 pro
1046 1170 1518 1267 reparatione
1552 1180 1967 1241 castrorum
2007 1168 2536 1265 imperialium,
2576 1192 2684 1239 re⁶

495 1272 890 1370 quirebant
927 1271 1423 1342 Casinensem
1465 1273 1808 1343 abbatem
1854 1293 1941 1339 ex
1979 1280 2193 1366 parte
2244 1272 2555 1364 cesaris7
2612 1279 2688 1340 ut

495 1372 842 1445 homines
898 1382 1097 1442 terre
1153 1371 1590 1443 monasterii
1644 1370 1939 1441 mittere
2004 1372 2311 1442 deberet
2372 1372 2459 1441 ad
2526 1393 2685 1440 mu·

497 1474 848 1545 niendum
889 1472 1216 1565 Atinum7
1275 1482 1603 1544 castrum
1644 1469 1855 1564 celii,
1908 1493 2207 1541 roccam
2252 1470 2554 1565 Banu-e,
2612 1480 2688 1541 et

499 1597 796 1646 roccam
837 1572 1231 1645 Guilielmi.

646 1676 911 1745 Mense
965 1671 1406 1744 Novembris
1463 1671 1807 1766 Romani.
1864 1680 2271 1768 comperto·
2305 1672 2501 1767 quod
2554 1669 2686 1741 im⁶

497 1785 799 1887 perator
853 1774 923 1842 in
971 1797 1230 1845 eorum
1273 1773 1521 1844 odium
1563 1773 1968 1844 Viterbium
2010 1780 2426 1867 receperat
2485 1782 2560 1842 et
2595 1772 2686 1842 ad

405 1869 410 1889 ¹
497 1874 733 1971 ipsius
800 1872 1115 1944 civitatis
1172 1873 1526 1943 auxilium
1585 1873 1895 1944 miserat
1947 1874 2320 1969 quendam
2373 1871 2689 1965 Raynal-

495 1978 674 2047 dum
714 1978 804 2046 de
843 1973 1229 2069 Aquaviva
1276 1974 1779 2072 capitaneum,
1834 1984 1908 2045 et
1943 1976 2033 2044 de
2072 1982 2311 2085 gente·
2340 1996 2479 2043 sua
2516 1995 2685 2043 cum

500 2100 618 2171 eo⁷
672 2098 803 2173 pro
855 2076 1130 2145 tuenda
1181 2097 1260 2145 re
1314 2073 1604 2170 publica
1649 2097 2003 2169 magnam
2042 2072 2363 2185 pecunie
2402 2071 2689 2168 quanti·

499 2186 730 2248 tatem
775 2175 1114 2246 ecclesiis
1154 2174 1426 2246 Urbis
1408 2200 1483 2246 m
1523 2174 1769 2246 odium
1811 2198 2007 2271 pape
2047 2173 2458 2271 imponunt.

647 2278 910 2348 Mense
948 2276 1386 2347 Decembris
1426 2275 1836 2373 imperator
1873 2284 2053 2372 aput
2082 2275 2523 2345 Ravennam
2561 2297 2687 2344 na-

497 2377 645 2449 tale
698 2375 990 2448 Domini
1044 2374 1441 2473 magnifice
1499 2375 1855 2470 celebrat,
1912 2385 1987 2445 et
2024 2397 2113 2446 eo
2153 2374 2268 2447 die
2306 2373 2686 2445 licentiam

498 2477 696 2549 dedit
736 2477 1082 2549 omnibus
1123 2479 1214 2547 de
1255 2501 1516 2572 regno7
1574 2477 1692 2574 qui
1743 2500 2001 2549 secum
2039 2476 2355 2571 iverant,
2408 2475 2482 2546 in
2523 2499 2689 2572 pro-

499 2578 654 2675 pria
697 2577 1146 2649 revertendi.

649 2678 947 2749 Nummi
989 2677 1221 2772 aurei.j
1281 2677 1400 2773 qui
1443 2677 1882 2774 augustales
1922 2687 2309 2771 vocantur,
2348 2680 2439 2749 de
2480 2701 2684 2748 man-

499 2781 667 2850 dato
725 2777 1200 2876 imperatoris
1267 2777 1340 2849 in
1399 2789 1712 2875 utraque
1778 2777 1977 2872 sycla
2000 2775 2089 2872 4⁰7
2155 2777 2551 2850 Brundusii
2616 2787 2689 2849 et

498 2881 879 2975 Messane⁷
935 2883 1321 2952 cuduntur.

1474 3025 1721 3112 1232.

651 3161 912 3232 Mense
943 3161 1260 3233 Ianuarii
1293 3161 1779 3234 Prenestinus
1822 3162 2220 3260 episcopus
2262 3173 2335 3234 et
2363 3166 2685 3235 domnus

501 3261 712 3333 Oddo
751 3262 1146 3334 cardinalis
1187 3285 1276 3332 ex
1308 3272 1518 3359 parte
1548 3287 1744 3361 pape
1773 3263 2000 3359 legati
2032 3266 2119 3334 ad
2150 3263 2686 3360 imperatorem

499 3362 810 3455 vadunt3
869 3373 941 3433 et
996 3386 1084 3433 eo
1135 3386 1418 3440 mense
1453 3363 1783 3436 Thomas
1839 3367 1929 3435 de
1964 3363 2283 3461 Aquino,
2338 3363 2460 3461 qui
2515 3387 2687 3435 cum

501 3461 956 3558 imperatore
999 3462 1262 3556 iverat,
1320 3463 1482 3561 ipso
1523 3465 1977 3561 imperatore
2017 3466 2445 3559 mandante,
2501 3464 2690 3536 redit

500 3562 571 3632 in
639 3585 997 3658 regnum,
1075 3563 1287 3659 regni
1353 3564 1790 3661 capitaneus
1861 3564 2266 3638 institutus.
2380 3565 2523 3652 Qui
2595 3567 2686 3636 ad

383 3691 396 3699 ·
501 3663 860 3736 Sanctum
917 3662 1380 3736 Germanum
1437 3665 1791 3760 veniens,
1861 3665 2242 3737 Taffurum
2308 3666 2683 3763 quendam

503 3763 743 3835 civem
777 3766 1032 3862 Capue
1071 3765 1142 3836 in
1183 3788 1403 3836 rocca
1440 3765 1722 3857 lanule‚
1762 3790 1986 3861 quam
2026 3791 2266 3864 usque
2295 3777 2473 3838 tunc
2501 3766 2687 3860 Ryc-

502 3867 768 3936 cardus
821 3868 912 3938 de
961 3865 1254 3936 ‘Guerra
1305 3889 1442 3961 per
1478 3865 1784 3938 fratrem
1822 3865 2295 3939 Leonardum
2336 3869 2427 3938 de
2465 3869 2686 3938 domo

501 3964 1080 4036 Teutonicorum
1121 3975 1584 4062 servaverat,
1622 3966 1873 4063 posuit
1908 3967 2473 4040 castellanum.··

649 4065 1016 4138 Henricus
1059 4069 1148 4138 de
1187 4067 1430 4137 Morra
1471 4066 1838 4162 magister
1882 4067 2317 4140 iustitiarius
2373 4067 2463 4139 ad
2503 4066 2688 4140 San-

503 4171 702 4234 ctum
744 4164 1203 4238 Germanum
1256 4167 1596 4264 veniens7
1652 4167 2173 4265 inquisitiones
2231 4170 2504 4242 dudum
2562 4166 2689 4240 ibi·

501 4298 602 4380 40)
653 4299 690 4361 i.
739 4317 793 4362 e.
840 4319 1048 4376 zecca,
1097 4299 1351 4362 officina
1400 4303 1770 4364 monetaria.
