3050 4900
1315 406 1394 475 A.
1467 406 1673 479 1229.
2503 412 2595 479 79

409 614 484 675 et
521 603 764 697 ipsum
805 612 880 673 et
915 626 1098 674 suos
1128 606 1498 675 duxerunt
1525 604 1887 701 captivos.
1960 605 2443 679 Skintronern
2482 630 2593 677 re-

407 704 712 799 cipiunt,
767 702 1018 773 villam
1059 704 1345 775 castelli
1385 707 1476 777 de
1513 704 1807 801 Sangro
1848 709 2312 779 comburunt

555 806 834 877 Comes
887 803 1297 900 Campanie
1355 828 1526 877 cum
1567 804 1861 877 militari
1902 816 1979 877 et
2014 806 2343 902 pedestri
2384 830 2593 881 exer-

407 903 552 975 citu
593 928 824 1015 super
859 904 1128 975 Soram
1167 904 1394 999 vadit,
1443 905 1649 977 illam
1702 908 1790 978 ad
1844 930 2031 1004 opus
2073 930 2265 1003 pape
2305 905 2593 1018 recipit,

407 1003 814 1075 munitione
869 1004 1234 1101 superiori
1290 1030 1374 1077 se
1428 1030 1559 1102 pro
1612 1030 1877 1081 cesare
1932 1016 2275 1100 tenente3
2332 1006 2593 1103 recipit

403 1105 630 1175 etiam
682 1104 1043 1200 Arpinum
1099 1116 1184 1176 et
1227 1106 1672 1199 Fontanam,
1722 1106 1995 1181 vallem
2036 1130 2333 1205 quoque
2372 1107 2589 1180 Sora-

403 1229 576 1275 nam
635 1215 710 1275 et
757 1214 992 1277 totam
1029 1205 1408 1277 Marsiam.
1515 1208 1671 1279 Rex
1711 1230 1891 1279 vero
1930 1210 2300 1305 quondam
2328 1207 2589 1283 lber-o

401 1305 872 1377 solimitanus
911 1330 1084 1377 cum
1111 1306 1444 1381 Iohanne
1482 1310 1575 1380 de
1605 1308 2019 1404 Columpna
2054 1308 2429 1383 cardinale
2456 1305 2588 1381 flu·

399 1429 574 1477 men
612 1405 946 1477 Vultumi
987 1406 1390 1519 transienS,
1427 1408 1982 1505 Campanorum
2022 1407 2407 1501 exercitui,
2464 1400 2592 1505 qui

398 1510 498 1579 ob
549 1516 830 1581 metum
885 1505 1388 1603 imperatoris,
1443 1510 1535 1583 de
1590 1532 1739 1605 quo
1790 1509 1996 1585 fama
2051 1519 2210 1583 erat
2264 1511 2457 1605 quod
2509 1510 2583 1582 in

396 1606 740 1702 Apuliam
780 1607 1238 1702 advenisset,
1276 1610 1474 1705 apud
1511 1606 1891 1683 Telesiam
1926 1612 2445 1705 repedaverat,
2500 1632 2583 1681 se

397 1706 805 1802 coniungit,
845 1717 922 1777 et
955 1707 1126 1781 inde
1164 1708 1657 1805 progrediens
1685 1718 1885 1785 totus
1916 1709 2319 1803 exercitus,
2356 1733 2580 1805 supra

395 1807 756 1879 Caiatiam
798 1810 1094 1881 vadunt.

541 1908 639 1979 At
685 1908 1095 2004 imperator
1141 1911 1232 1979 de
1272 1907 1460 1981 Siria
1511 1910 1583 1979 in
1622 1909 1967 2006 Apuliam
2005 1909 2349 2003 veniens,
2401 1920 2583 2005 aput

394 2008 898 2081 Brundusium
935 2011 1025 2081 ad
1067 2011 1609 2104 expugnandos
1635 2009 2221 2084 Lombardorum
2264 2020 2338 2081 et
2366 2010 2584 2085 Cam-

395 2131 763 2204 panorum
801 2108 1116 2179 hostiles
1156 2131 1438 2179 cuneos
1475 2118 1783 2203 gentem
1818 2119 2255 2203 congregat„
2280 2108 2579 2185 litteras

395 2212 486 2279 de
538 2206 732 2279 felici
780 2209 1106 2279 adventu
1158 2231 1296 2281 suo
1351 2208 1422 2277 in
1474 2206 1919 2281 Siciliamet
1956 2209 2375 2281 Calabriam
2416 2208 2579 2281 mit-

391 2309 516 2399 tit⁷
583 2306 844 2379 fideles
909 2332 1090 2381 suos
1154 2310 1246 2380 de
1301 2310 1555 2405 Capua
1620 2309 1959 2380 hortatur
2023 2318 2096 2379 et
2152 2307 2433 2380 animat
2485 2311 2573 2380 ad

388 2407 822 2482 fidelitatem
855 2432 1100 2500 suam,
1128 2407 1436 2480 mittens
1465 2411 1554 2482 ad
1584 2408 1880 2482 illorum
1911 2408 2263 2482 auxilium
2297 2408 2573 2482 dictum

391 2511 756 2581 Thomam
813 2513 906 2582 de
961 2510 1250 2606 Aquino
1299 2511 1747 2582 Acerrarum
1808 2509 2203 2606 comitem,
2255 2521 2329 2580 et
2384 2513 2575 2582 cele-

387 2635 547 2682 rem
589 2634 1034 2682 succursum
1075 2634 1294 2682 suum
1333 2610 1777 2706 promittens
1817 2611 2125 2684 eisdem.

536 2711 743 2780 Tunc
781 2712 871 2780 ad
913 2733 1082 2784 eum
1123 2709 1327 2780 vadit
1359 2712 1500 2782 dux
1544 2713 1955 2806 prephatus
1994 2735 2163 2781 cum
2200 2710 2357 2782 suis
2385 2709 2573 2782 liber

383 2810 648 2882 exiens
689 2812 780 2882 de
817 2808 1206 2900 Sulmona„
1259 2809 1626 2905 magister
1660 2810 2125 2900 iustitiariuS‚
2176 2819 2249 2880 et
2286 2808 2407 2881 alii
2447 2809 2570 2905 qui

381 2911 604 2983 fidem
643 2921 1136 2982 servaverant
1170 2910 1701 3004 incorruptam.

533 3011 682 3082 Illis
739 3012 1000 3087 diebus
1039 3010 1313 3086 milites
1353 3011 1687 3085 nonnulli
1723 3010 2011 3082 strenui
2048 3007 2435 3082 Teutonici
2473 3011 2564 3078 de

377 3111 573 3192 Sitia
629 3112 1022 3183 venientes
1075 3114 1166 3186 ad
1222 3122 1522 3208 portum
1559 3111 1957 3184 Brundusii
2004 3111 2563 3208 applicuerunt3

379 3237 697 3308 quorum
747 3213 984 3284 fretus
1022 3210 1294 3284 auxilio
1329 3212 1740 3309 imperator
1776 3211 2094 3309 qualiter
2130 3236 2301 3284 cum
2342 3209 2451 3283 eis
2492 3219 2567 3279 et

380 3313 592 3408 regni
629 3312 970 3386 fidelibus
1001 3312 1078 3383 in
1107 3312 1677 3408 recuperatione
1706 3323 1905 3384 terre
1936 3309 2362 3409 profecerit,
2399 3333 2563 3406 pre-

380 3413 616 3484 misso
652 3422 910 3486 tamen
950 3415 1142 3508 quod
1181 3411 1256 3484 in
1293 3423 1494 3484 terra
1534 3423 1795 3491 sancta
1834 3412 2075 3508 egerit
2120 3412 2311 3510 ipse,
2364 3411 2560 3506 quod

379 3513 674 3585 silentio
714 3515 1296 3608 pretereundum
1335 3537 1486 3584 non
1527 3524 1671 3606 est,
1708 3537 2037 3610 sequens
2065 3512 2287 3584 lectio
2318 3510 2559 3582 decla-

375 3613 587 3686 rabit..

523 3711 754 3807 Igitur
803 3737 971 3784 cum
1023 3714 1266 3785 adhuc
1319 3723 1527 3786 esset
1574 3713 1648 3784 in
1701 3713 1891 3785 Siria
1929 3712 2361 3808 imperator,
2416 3709 2556 3778 hec

369 3814 446 3886 in
485 3837 805 3910 regnum
844 3813 989 3884 de
971 3837 1136 3909 ipso
1175 3814 1377 3886 fama
1416 3813 1795 3910 pervenit:
1848 3815 2042 3910 quod
2090 3815 2195 3885 15.
2234 3810 2555 3880 Novem-

371 3913 520 3986 bris
577 3913 818 4010 primo
874 3913 1205 4009 preteriti
1261 3915 1547 4011 Ioppen
1605 3913 1919 3984 veniens
1985 3935 2153 3982 cum
2220 3907 2553 3980 christia-

371 4038 640 4086 norum
695 4012 1066 4107 exercitu,
1135 4015 1229 4084 ad
1292 4013 1979 4088 rehedificationem
2037 4009 2262 4084 castri
2315 4007 2550 4105 ipsius

368 4113 706 4207 intendit
761 4124 838 4186 ut
890 4113 1175 4186 facilior
1222 4114 1440 4188 fieret
1489 4115 1562 4186 in
1612 4114 2076 4187 lherusalem
2116 4133 2551 4208 processus,

370 4223 446 4284 et
483 4216 655 4286 dum
696 4214 1072 4286 exercitus
1121 4238 1258 4310 per
1308 4225 1587 4288 terram
1628 4213 2059 4288 necessaria
2099 4237 2267 4287 cum
2305 4235 2552 4284 same-
