3050 4900
541 479 638 548 94
943 474 1509 549 RYCCARDUS
1564 475 1686 547 DE
1740 474 1813 547 S.
1870 474 2333 547 GERMANO

538 678 806 747 domus
835 675 1413 748 Teutonicorum
1452 676 1545 746 ad
1584 677 1938 746 domnum
1980 696 2254 771 papam
2296 673 2521 746 simul
2556 696 2729 745 cum

541 776 828 871 Regino
882 780 974 848 de
1030 775 1466 849 Lombardia
1521 776 1879 879 episcopo
1928 775 2298 889 laborare,
2352 774 2477 871 qui
2532 774 2729 845 serio

543 880 632 948 ad
671 876 1210 973 imperatorem
1253 886 1565 948 venerat
1602 899 1735 973 pio
1776 896 1961 973 pace
2000 876 2195 949 inter
2231 875 2476 973 ipsum
2508 884 2585 947 et
2614 897 2733 945 ec-

541 976 852 1053 clesiam
911 978 1410 1049 reformanda.
1515 976 1659 1063 Qui
1698 1000 1872 1048 cum
1910 975 2075 1049 sine
2114 976 2389 1049 effectu
2428 973 2731 1067 rediret

545 1088 1101 1173 consequenter
1149 1082 1238 1150 ad
1289 1101 1589 1189 papam
1619 1080 1977 1172 redeunt,
2046 1088 2121 1150 et
2164 1088 2345 1149 tunc
2390 1099 2566 1147 cum
2620 1074 2731 1147 eis

543 1178 848 1275 quidam
877 1178 1109 1250 frater
1135 1178 1374 1251 Gualo
1405 1176 1717 1257 mittitur
1742 1182 1837 1254 de
1866 1176 2127 1250 ordine
2148 1176 2735 1270 medicatorum,

543 1278 786 1351 forma
825 1278 1221 1351 concordie
1260 1289 1686 1376 acceptata3
1744 1289 1819 1350 et
1858 1280 2020 1376 ipse
2060 1302 2254 1377 papa
2292 1278 2571 1351 Uibem
2608 1300 2734 1348 ex-

545 1378 738 1472 iens,
797 1377 1000 1451 venit
1036 1390 1216 1477 aput
1249 1380 1583 1477 Criptam
1625 1380 2001 1455 ferratam.
2096 1379 2519 1476 Imperator
2556 1400 2735 1448 vero

547 1481 638 1550 de
679 1479 930 1576 Capua
987 1479 1132 1551 iam
1187 1491 1502 1553 venerat
1544 1482 1633 1551 ad
1672 1479 2031 1553 Sanctum
2069 1478 2560 1571 Germanum,
2614 1476 2737 1550 ubi

547 1580 788 1651 dictus
841 1580 1076 1653 frater
1125 1580 1368 1653 Gualo
1417 1582 1491 1653 in
1546 1581 1727 1651 hora
1793 1580 2124 1652 serotina
2182 1579 2555 1655 allocutus
2620 1586 2741 1651 ost

543 1679 826 1777 ipsum3
857 1691 933 1752 et
959 1684 1052 1754 ad
1082 1684 1393 1753 verbum
1423 1680 1619 1753 illius
1650 1680 2095 1753 satisfacere
2122 1680 2449 1752 ecclesie
2479 1677 2742 1755 annuit

547 1780 980 1877 imperator,
1035 1792 1342 1878 propter
1389 1780 1640 1877 quod
1625 1806 1694 1851 in
1734 1781 2038 1877 signum
2078 1780 2366 1852 letitie
2349 1805 2421 1851 ιιι
2460 1780 2738 1852 Sancto

547 1880 930 1953 Geimano
968 1891 1144 1953 sunt
1183 1904 1316 1977 per
1351 1904 1619 1953 omnes
1662 1881 2025 1954 ecclesias
2058 1882 2271 1977 signa
2306 1880 2625 1977 pulsata,
2664 1888 2742 1949 et

547 1980 726 2051 item
783 1981 1016 2053 frater
1065 1982 1306 2053 Gualo
1345 1984 1434 2053 ad
1479 2006 1779 2078 papam,
1834 2006 2059 2079 quem
2098 1992 2278 2079 aput
2314 1978 2736 2075 Anagniam

549 2080 903 2178 repperit
959 2086 1098 2153 sub
1135 2082 1567 2154 festinantia
1606 2082 1996 2155 remeavit.

701 2181 932 2277 Igitur
966 2183 1083 2257 die
1117 2182 1400 2277 Martis,
1440 2207 1637 2255 nono
1671 2193 1919 2255 stante
1948 2181 2135 2276 Iulii.
2166 2182 2239 2251 in
2271 2181 2469 2253 festo
2498 2178 2739 2252 sancti

548 2281 1048 2377 Appollinaris
1087 2283 1397 2380 predicti
1433 2283 1876 2356 Sabinensis
1916 2283 2318 2381 episcopus
2359 2290 2437 2353 et
2462 2280 2741 2353 Sancte

551 2381 826 2456 Sabine
849 2383 1283 2456 cardinalis
1267 2409 1338 2456 m
1361 2384 1620 2457 maiori
1648 2384 1966 2458 ecclesia
1984 2380 2739 2477 SanctiGermani.,-
2750 2396 2760 2404 ·

553 2483 1031 2580 presentibus
1082 2487 1503 2582 patriarcha
1562 2486 2091 2583 Aquilegensi.,
2160 2480 2743 2596 salseburgensi

554 2584 1164 2682 archiepiscopo,
1236 2587 1794 2682 Ratysponensi
1856 2597 1931 2658 et
1991 2585 2283 2682 Regino
2339 2581 2746 2681 episeopis,

555 2683 935 2757 Carinthie
975 2698 1050 2758 et
1085 2685 1492 2760 Moravie³⁵
1529 2687 1865 2784 ducibuS‚
1902 2687 2361 2786 principibus
2398 2685 2745 2760 Alaman-

558 2783 680 2856 nie
735 2788 950 2876 (tunc
1006 2787 1204 2858 enim
1261 2788 1408 2858 dux
1456 2789 1757 2860 Austrie
1812 2787 2145 2883 graviter
2190 2784 2745 2874 infirmabatur)

557 2887 974 2958 astantibus
1031 2911 1330 2983 quoque
1383 2888 1657 2962 ibidem
1714 2887 1927 2983 regni
1976 2887 2312 2984 prelatis,
2365 2882 2749 2957 Panormi-

560 2996 737 3056 tano
761 2986 1056 3098 Regino
1097 2997 1171 3060 et
1195 2987 1510 3060 Barensi
1540 2987 2155 3085 archiepiscopis,
2192 3011 2335 3058 nec
2363 3010 2509 3056 non
2538 2984 2749 3058 Casi

559 3085 774 3156 nensi
829 3086 1246 3158 Casemarii
1309 3098 1383 3159 et
1431 3087 1685 3160 Sancti
1738 3088 2158 3160 Vincentii⁸
2220 3085 2611 3161 abbatibus
2674 3095 2750 3156 et

559 3184 868 3282 prelatis
908 3186 1096 3279 aliis,
1137 3186 1255 3282 qui
1297 3211 1525 3260 causa
1568 3198 1816 3260 metus
1856 3192 1949 3261 de
1978 3212 2214 3286 regno
2240 3196 2750 3279 secesserant,

569 3286 950 3378 Raynaldo
1008 3285 1201 3358 dicto
1252 3290 1439 3359 duce
1493 3289 1805 3386 Spoleti⁷
1859 3301 1935 3360 et
1989 3290 2274 3361 Thoma
2331 3291 2423 3360 de
2460 3286 2749 3400 Aquino

562 3386 798 3456 Acer!
801 3409 1014 3458 arum
1056 3388 1355 3483 comite,
1393 3390 1715 3461 Henrico
1754 3393 1845 3462 de
1876 3391 2119 3464 Mor-ia
2154 3389 2519 3485 magistro
2550 3386 2751 3459 iusti-

563 3485 777 3556 tiario
831 3487 1144 3584 aliisque
1189 3490 1401 3585 regni
1458 3490 1873 3562 iustitiariis
1912 3502 1989 3562 et
2026 3490 2429 3563 baronibus
2468 3512 2563 3560 ac
2597 3488 2751 3584 ple-

567 3584 752 3680 beis,
785 3627 875 3640 -
907 3591 1000 3659 de
1027 3589 1559 3662 satisfaciendo
1592 3601 1857 3664 sancte
1886 3592 2223 3662 Romane
2254 3588 2579 3662 ecclesie
2618 3611 2751 3684 pro

567 3687 750 3781 hiis5
822 3687 1086 3784 quibus
1141 3691 1837 3763 excommunicatus
1891 3690 2173 3786 fuerat,
2208 3689 2611 3804 recipiunt
2662 3691 2753 3760 ab

565 3787 1022 3884 imperatore
1061 3792 1353 3904 publice
1393 3792 1924 3886 iuramentum,
1977 3802 2153 3863 tunc
2205 3791 2279 3861 in
2328 3790 2579 3862 anima
2620 3812 2755 3859 sua

563 3888 856 3960 iurante
895 3915 1029 3987 pro
1070 3916 1158 3963 eo
1198 3893 1484 3963 Thoma
1523 3895 1617 3964 de
1645 3892 1937 3989 Aquino
1966 3893 2416 3964 Acerrarum
2456 3889 2757 3981 comite,

569 3999 643 4060 et
683 3991 986 4085 p1elatis
1025 4016 1113 4063 ac
1153 3991 1607 4088 principibus
1649 3992 2091 4065 Alamannie
2129 3991 2545 4064 iurantibus
2584 4014 2755 4066 cum

571 4113 662 4158 eo
713 4093 1129 4188 subscripta
1173 4093 1516 4188 capitula.
1610 4094 1820 4165 Tunc
1856 4093 2482 4208 Sal-sebuigensis
2522 4089 2759 4163 archi·

571 4189 972 4286 episcopus
1013 4192 1162 4261 ad
1146 4193 1619 4288 imperatoris
1660 4196 2227 4267 excusationem
2267 4195 2495 4371 longo
2525 4190 2764 4264 tenuit

573 4307 626 4377 a)
665 4309 730 4360 de
771 4308 968 4362 Vultur
904 4327 1038 4362 urno
1075 4313 1316 4364 mserum
1347 4310 1399 4363 2.
1443 4309 1496 4364 3.
2130 4311 2293 4386 35)i
2402 4307 2763 4376 ‚Mennim
