3050 4900
338 923 864 1008 RYCCARDI
898 920 1040 1004 DE
1077 920 1496 1003 SANCTO
1534 919 2047 1002 GERMANO
2082 918 2524 1000 NOTARII

1155 1054 1718 1137 CHRONICA.

492 1239 964 1317 INCIPIUNT
1018 1239 1496 1314 CHRONICA
1550 1240 1673 1312 DE
1727 1239 1915 1312 ΗΠΒ
1970 1239 2387 1314 OMNIBUS

346 1360 504 1436 QUE
549 1358 628 1420 ΙΝ
672 1356 938 1418 REGNO
983 1355 1263 1418 SICILIE
1309 1356 1560 1418 GESTA
1609 1355 1807 1418 SUNT
1850 1357 2007 1418 VEL
2052 1357 2340 1432 UBlQUE
2386 1359 2533 1420 PER

347 1460 641 1531 ORBEM,
689 1464 735 1520 A
767 1458 1140 1520 TEMPORE
1173 1457 1464 1520 MORTIS
1498 1457 1730 1519 REGIS
1763 1457 2173 1521 GUlLlELMl
2203 1459 2538 1520 SECUNDI

349 1563 606 1637 USQUE
640 1562 744 1622 AD
784 1559 1163 1622 TEMPORA
1209 1557 1627 1620 FREDERICI
1672 1559 2005 1621 SECUNm
2050 1561 2355 1622 ΒΟΜΑΝΙ
2405 1561 2540 1621 ΙΜ-

351 1662 785 1726 PERATORIS
831 1662 1136 1722 SEMPER
1183 1662 1541 1736 AUGUSTI,
1584 1661 2091 1723 IHERUSALEM
2129 1664 2229 1723 ET
2258 1661 2542 1724 SlClLlE

502 1764 748 1836 REGIS,
793 1761 1206 1823 TRACTATA
1255 1765 1401 1824 PER
1446 1764 1863 1825 NOTARIUM
1910 1762 2393 1826 RYCCARDUM

991 1866 1096 1926 DE
1143 1865 1449 1926 SANCTO
1497 1866 1906 1930 GERMANO.

513 2005 710 2079 Solet
745 2012 899 2076 etas
938 2008 1300 2100 antiquior
1335 2013 1400 2076 et
1437 2007 1742 2098 provida
1787 2009 2112 2101 priorum
2156 2003 2552 2078 actoritas⁸

363 2108 584 2202 diqna
633 2108 967 2176 memorie
1017 2129 1282 2200 queque
1323 2131 1452 2198 per
1489 2107 1733 2176 orbem
1767 2114 1971 2201 qesta
2010 2105 2407 2178 describere
2444 2129 2553 2176 re-

362 2205 744 2303 linquenda
793 2208 1099 2297 posteris
1151 2205 1251 2276 ad
1287 2205 1716 2298 doctrinam,
1770 2213 1837 2278 et
1872 2230 2117 2278 eorum
2156 2208 2389 2276 instar
2426 2205 2556 2277 ad-

366 2308 502 2379 huc
534 2305 854 2400 prudens
889 2308 1322 2399 sequentium
1361 2309 1556 2377 natio
1594 2307 1779 2378 idem
1820 2310 1993 2402 aqit,
2028 2330 2116 2378 ne
2154 2307 2261 2378 vel
2286 2307 2554 2378 omissa

368 2409 755 2502 depereant
790 2412 916 2477 aut
948 2405 1262 2500 neqlecta
1295 2408 1366 2477 in
1393 2409 1719 2479 notitiam
1751 2409 2098 2503 effuyiant
2123 2409 2553 2492 futurorum.

367 2510 646 2581 Horum
702 2509 1042 2603 siquidem
1098 2508 1451 2579 emulator
1503 2534 1634 2603 eqo
1685 2509 2105 2601 Ryccardus
2152 2508 2237 2580 de
2286 2506 2558 2581 Sancto

374 2610 733 2682 Germano
796 2614 1056 2679 notans
1115 2607 1442 2679 notanda
1476 2621 1500 2651 ⁸
1559 2612 1924 2704 notarius,
2003 2612 2117 2681 cui
2169 2633 2301 2705 que
2350 2612 2570 2681 servit

371 2708 991 2804 hystorioyraphis
1035 2708 1408 2780 Musarum
1470 2710 1709 2803 prima
1765 2712 2211 2806 obsequitur,
2282 2710 2368 2782 de
2416 2733 2562 2805 qua

375 2812 658 2882 metrice
692 2810 1031 2901 scriptum
1071 2811 1391 2902 repperi:

632 2907 971 3004 Explicat
1006 2907 1310 3004 ingenio
1347 2932 1470 2981 res
1510 2920 1769 3005 gestas
1810 2909 2067 2983 ordine
2107 2908 2315 3005 Clyo,

377 3031 574 3101 nisus
621 3052 775 3099 sum
823 3052 960 3121 pro
1015 3028 1276 3099 viribus
1328 3030 1663 3123 inqenioli
1703 3028 1901 3123 mey⁹
1951 3053 2082 3125 que
2134 3030 2385 3127 ubique
2435 3036 2570 3101 ter-

380 3152 628 3200 rarum
683 3154 771 3200 ac
816 3130 1190 3221 presertim
1243 3131 1313 3199 in
1363 3152 1583 3224 reyno
1623 3128 1856 3201 Sicilie
1888 3136 2090 3224 qesta
2128 3138 2292 3203 sunt
2327 3130 2571 3203 diebus

382 3230 577 3321 meis,
615 3231 767 3299 visu
805 3232 1092 3323 coqnita
1129 3252 1252 3301 seu
1287 3229 1476 3315 fideli
1509 3230 1853 3303 relatione
1873 3237 2237 3326 percepta,
2276 3233 2572 3304 veritate

381 3336 672 3401 servata
728 3329 974 3400 litteris
1020 3329 1340 3421 tradere,
1398 3355 1487 3401 ac
1540 3332 1611 3401 in
1662 3331 1797 3403 hoc
1834 3354 2133 3426 presens
2182 3332 2571 3426 compilare

384 3429 729 3521 volumen,
767 3436 845 3499 ut
880 3452 967 3499 ex
1000 3428 1132 3500 hiis
1167 3429 1403 3501 discat
1431 3431 1682 3516 futura
1716 3434 2105 3525 posteritas
2143 3435 2387 3504 varios
2424 3454 2575 3503 esse

387 3537 780 3624 temporum
835 3551 1128 3622 cursu-3,
1195 3532 1722 3627 memineritque
1764 3533 2153 3627 prudenter
2198 3534 2451 3606 bellum
2501 3534 2573 3603 in

384 3654 566 3724 pace
603 3632 844 3701 timere
881 3637 946 3701 et
976 3654 1228 3723 pacem
1265 3632 1516 3702 iterum
1554 3656 1850 3726 sperare
1877 3640 2050 3728 post
2082 3632 2354 3706 bellum.

547 3730 896 3817 Quoniam
935 3733 1150 3825 iqitur
1184 3729 1458 3825 reyni1⁰
1492 3732 1677 3817 filius
1714 3758 1846 3827 eqo
1900 3758 2078 3824 sum,
2134 3737 2253 3827 qui
2301 3734 2577 3827 leqerit,

392 3854 536 3902 non
573 3855 680 3901 me
720 3833 1111 3903 causaturb
1149 3832 1568 3903 detestando
1607 3836 1669 3903 si
1705 3836 1905 3928 reyni
1937 3839 2141 3929 qesta
2177 3834 2412 3906 scribo
2448 3830 2581 3917 dif-

392 3933 647 4025 fusius,
704 3938 836 4003 aut
868 3933 954 4004 de
991 3934 1548 4027 continyentibus
1586 3932 1824 4027 quid11
1882 3935 1967 4007 de
2016 3937 2285 4007 cunctis
2319 3934 2582 4026 dicam,

399 4067 446 4137 a)
485 4082 592 4121 voa:
628 4071 733 4121 iam
771 4082 949 4123 erasa.
1100 4066 1149 4135 b)
1191 4072 1264 4121 ita
1303 4085 1348 4120 c.

397 4176 457 4257 8)
504 4176 543 4239 i.
591 4200 649 4258 q.
696 4177 1054 4241 auctoritas.
1255 4178 1312 4249 9)
1359 4178 1396 4237 i.
1441 4198 1502 4260 q.
1551 4180 1693 4243 πηοί.
1904 4180 1993 4254 ΙΟ)
2036 4177 2269 4239 scilicet
2313 4178 2585 4243 Siciliae.

405 4265 500 4340 11)
546 4265 586 4329 i.
631 4286 684 4327 e.
738 4262 996 4342 aliquid.
