3050 4900
1252 457 1332 528 A.
1396 458 1607 532 1241.
2381 460 2521 533 149

334 655 717 729 Benedicti
757 658 846 727 ad
886 666 1231 728 ornatum
1270 656 1390 729 diu
1429 666 1767 751 steterat,
1824 667 1899 728 et
1941 657 2084 728 alia
2120 657 2371 730 tabula
2409 682 2522 729 ar-

338 767 610 853 gentea
671 756 925 829 altaris
980 761 1198 829 beate
1252 758 1519 852 Mario,
1587 767 1661 829 et
1711 780 1951 852 ycona
2005 782 2174 830 cum
2228 758 2520 830 smaltis

339 881 484 955 que
540 881 770 955 super
820 857 1055 929 altare
1112 858 1354 930 fuerat
1410 857 1649 931 sancti
1687 857 2099 971 Benedicti,
2153 868 2227 930 et
2275 857 2519 930 omnis

338 957 526 1030 alius
582 958 982 1031 thesaurus
1035 958 1272 1057 ipsius
1329 957 1766 1031 monasterii
1822 958 1895 1029 in
1959 982 2141 1031 auro
2203 968 2519 1055 argento

333 1057 606 1157 pannis
638 1058 900 1132 sericis
941 1069 1014 1131 et
1048 1058 1412 1172 lapidibus
1450 1057 1829 1157 pretiosiS,
1866 1082 2010 1131 nec
2045 1082 2193 1131 non
2233 1069 2309 1130 et
2344 1058 2521 1131 alia-

334 1183 504 1230 rum
543 1158 1037 1232 ecclesiarum
1074 1171 1270 1232 terre
1302 1159 1539 1257 ipsius
1570 1160 2006 1232 monasterii
2038 1161 2127 1232 ad
2158 1159 2519 1232 Sanctum

337 1260 487 1332 Ge1
492 1284 798 1331 manum
829 1260 900 1331 in
931 1260 1263 1373 predicta
1293 1259 1618 1333 ecclesia
1648 1271 1909 1332 sancte
1931 1260 2163 1332 Maiie
2186 1270 2521 1357 portatur

339 1371 411 1432 et
451 1358 876 1458 deponitur3
933 1361 1140 1433 cuius
1181 1361 1517 1434 thesauri
1558 1362 1751 1459 capti
1792 1365 1882 1434 ab
1922 1360 2265 1434 ecclesiis
2304 1361 2519 1458 regni

333 1485 509 1559 pars
549 1460 786 1558 pretio
825 1461 1236 1557 redimitur,
1292 1472 1367 1534 et
1403 1486 1579 1559 pars
1618 1461 1904 1558 reliqua
1944 1472 2125 1559 aput
2161 1461 2517 1535 Sanctam

331 1560 645 1635 Mariam
674 1564 765 1634 de
797 1561 1046 1658 Cripta
1077 1562 1350 1634 ferrata
1379 1565 1471 1634 ad
1510 1561 1924 1659 principem
1963 1565 2416 1659 deportatur.

480 1660 969 1734 prenestinus
1036 1661 1436 1760 episcopus
1502 1672 1576 1733 et
1627 1662 1837 1735 Oddo
1896 1661 2291 1734 cardinalis
2345 1685 2517 1734 cum

333 1761 696 1858 magistro
750 1761 1081 1834 Iohanne
1121 1762 1478 1835 Toletano
1535 1766 1671 1835 sub
1722 1766 1993 1836 ducatu
2032 1762 2384 1858 Tybboldi
2425 1765 2517 1835 de

329 1864 727 1959 Dragone·
765 1872 944 1960 aput
979 1862 1226 1957 Tybur
1262 1866 1649 1935 ducuntur.

476 1964 741 2035 Mense
779 1962 1245 2060 Septembris
1284 1973 1709 2037 vastatores
1749 1974 1930 2062 aput
1962 1964 2292 2036 Insulam
2346 1988 2517 2036 con-

330 2063 647 2160 gregati⁷
693 2066 1045 2136 mandato
1085 2064 1367 2136 cesar-is
1404 2062 1477 2135 in
1517 2063 1820 2162 propria
1857 2074 2350 2137 revertuntur.

479 2164 896 2261 Imperator
929 2164 1122 2262 ipse,
1163 2163 1440 2236 relictis
1481 2167 1674 2263 apud
1714 2163 1962 2259 Tybur
1999 2168 2137 2239 sub
2176 2162 2513 2237 custodia

330 2288 678 2360 suorum,
746 2289 934 2362 quos
997 2267 1089 2337 ad
1149 2266 1541 2337 tuitionem
1607 2275 1682 2337 et
1742 2265 2132 2338 defensam
2194 2264 2512 2337 civitatis

327 2364 564 2463 ipsius
603 2363 1032 2464 reliquerat,
1071 2365 1427 2466 episcopo
1468 2376 1544 2438 et
1575 2365 1931 2439 cardinali
1961 2366 2340 2465 predictiS,
2378 2388 2517 2465 per

331 2467 821 2565 Campaniam
874 2468 1065 2541 redit
1113 2469 1186 2540 in
1238 2492 1602 2565 regnum3
1671 2478 1749 2541 et
1798 2468 2113 2541 veniens
2169 2479 2350 2566 aput
2399 2468 2513 2540 In-

329 2568 574 2639 sulam
610 2567 1054 2681 Solaratam,
1111 2568 1488 2642 civitatem
1536 2593 1813 2640 novam
1863 2568 1937 2640 in
1989 2569 2232 2641 fronte
2273 2569 2511 2666 Cepe-

329 2667 493 2739 rani
531 2668 862 2740 construi
901 2667 1122 2742 iubet.
1223 2669 1333 2741 Ad
1390 2670 1601 2742 cuius
1644 2669 1961 2742 civitatis
1999 2670 2511 2742 fundationem

329 2766 589 2840 statuit
640 2771 998 2840 domnum
1049 2767 1512 2862 Ryccardum
1578 2771 1670 2841 de
1719 2770 1971 2841 Monte
2034 2769 2247 2867 nigro
2309 2781 2511 2843 terre

323 2866 633 2940 Laboris
689 2867 1203 2964 iustitiarium
1258 2880 1331 2942 et
1381 2872 1689 2942 mandat
1744 2879 1822 2942 ut
1871 2870 2223 2944 homines
2273 2870 2513 2966 ArciS,

325 2967 578 3041 Sancti
608 2968 960 3041 Iohannis
1000 2971 1090 3042 de
1120 2968 1479 3065 Incarico.,
1514 2969 1767 3042 Insule
1807 2970 2053 3068 pontis
2094 2971 2399 3044 solarati
2436 2982 2513 3044 et

328 3068 627 3143 Pastine
677 3069 852 3143 illuc
900 3070 1009 3143 ire
1064 3073 1154 3144 ad
1208 3069 1694 3143 habitandum
1750 3081 2135 3169 cogantur.
2240 3072 2514 3146 Statuit

325 3168 659 3267 insuper,
697 3183 777 3244 ut
813 3175 903 3244 ad
943 3196 1134 3269 opus
1173 3171 1488 3245 civitatis
1528 3170 1871 3244 eiusdem
1906 3171 2166 3245 venire
2203 3175 2513 3247 deberet

328 3279 530 3341 certa
585 3271 959 3368 quantitas
1008 3271 1398 3344 hominum
1448 3275 1541 3344 de
1580 3273 1872 3345 abbatia
1910 3272 2333 3369 Casinensi‚
2387 3277 2511 3348 ab-

328 3369 524 3441 batia
583 3372 818 3443 sancti
868 3371 1269 3467 Vincentii,
1341 3372 1697 3444 comitatu
1747 3374 2139 3470 Fundano3
2196 3374 2507 3449 Comino

328 3480 403 3542 et
442 3471 792 3544 comitatu
830 3471 1098 3544 Molisii
1137 3496 1275 3569 per
1311 3475 1827 3546 ebdomadam.
1930 3476 2022 3549 Et
2071 3485 2248 3547 tunc
2302 3485 2509 3549 recto

321 3572 621 3645 tramite
669 3597 807 3687 per
849 3573 1212 3648 Sanctum
1251 3574 1712 3648 Germanum
1748 3574 2123 3672 Aliphiam
2162 3586 2237 3649 et
2270 3577 2509 3649 Bene-

323 3683 633 3746 ventum
681 3674 756 3746 in
793 3673 1138 3773 Apuliam
1187 3674 1414 3769 vadit,
1468 3677 1836 3748 mandans
1887 3685 1967 3746 ut
2017 3675 2349 3748 thesauri
2391 3699 2509 3749 ec-

324 3773 726 3847 clesiarum
765 3774 912 3847 ad
892 3800 1142 3874 ipsum
1181 3786 1360 3872 aput
1393 3776 1448 3847 F
1451 3799 1703 3872 ogiam
1742 3772 2191 3846 deferantur.

468 3875 733 3947 Mense
784 3875 1127 3949 Octobris
1183 3875 1561 3970 Gyffridus
1612 3869 2195 3950 Mediolanensis
2252 3875 2325 3947 in
2372 3878 2507 3951 Ce-

317 3974 676 4048 lestinum
711 4000 987 4073 papam
1027 3975 1340 4073 eligitur.

467 4078 574 4150 Eo
614 4099 882 4149 mense
916 4076 1253 4150 thesauri
1293 4076 1788 4150 ecclesiarum
1825 4086 2006 4173 aput
2029 4076 2340 4174 Fogiam
2368 4101 2505 4175 per

322 4198 452 4246 eos
492 4179 584 4250 de
623 4178 897 4250 Sancto
937 4176 1314 4250 Germano
1355 4177 1476 4274 qui
1517 4199 1781 4250 eorum
1820 4178 2117 4252 fuerant
2166 4177 2502 4251 custodie

319 4299 368 4369 a)
407 4303 538 4370 dra}
575 4320 620 4356 c.
661 4303 732 4370 cf.
773 4318 825 4356 a.
870 4300 1030 4356 1242.
