3050 4900
517 462 611 531 84
921 456 1487 530 RYCCARDUS
1542 456 1663 529 DE
1718 458 1791 530 S.
1846 458 2307 532 GERMANO

666 659 874 728 Tunc
935 656 1309 727 Roffridus
1375 656 1982 754 archipresbyter
2042 658 2295 730 Sancti
2350 659 2705 730 Germani

518 784 654 857 per
679 758 1186 829 Albanensem
1220 757 1687 853 episcopum7
1729 782 1923 854 papa
1956 761 2385 853 mandante,
2416 759 2487 829 in
2520 759 2705 830 Tea-

518 882 833 931 nensem
877 857 1313 955 episcopum
1355 867 1476 929 est
1511 868 1971 955 assumptus,

663 960 742 1030 In
798 958 1060 1055 Apulia
1127 958 1268 1029 illis
1329 957 1590 1030 diebus
1643 959 1941 1054 quidam
1995 958 2265 1030 Paulus
2322 962 2413 1030 de
2462 959 2701 1054 Logo-

514 1060 718 1131 theta
784 1058 1194 1155 imperialis
1250 1058 1687 1130 iustitiarius
1750 1060 2224 1131 membratim
2291 1059 2701 1130 trucidatus

517 1170 638 1231 est
673 1163 764 1233 ab
803 1159 974 1253 hiis,
1029 1160 1150 1255 qui
1191 1158 1358 1231 odio
1397 1159 1931 1255 imperatorem
1971 1159 2367 1232 habebant.

663 1261 1083 1356 Imperator
1130 1283 1296 1330 cum
1337 1260 1715 1331 fortunato
1757 1259 2452 1355 crucesignatorum
2495 1283 2703 1329 exer-

515 1359 662 1431 citu
717 1360 924 1432 venit
978 1357 1316 1457 Capuam
1363 1383 1633 1431 mense
1688 1359 2195 1456 SeptembriS,
2270 1370 2345 1431 et
2404 1363 2495 1431 ab
2558 1359 2700 1431 ista

513 1471 726 1557 parte
764 1460 1020 1557 Capue
1059 1461 1651 1533 sarracenorum
1693 1485 1971 1531 cuneos
2018 1460 2410 1553 ordinavit,
2466 1484 2702 1556 seque

513 1561 922 1658 Neapolym
983 1560 1292 1633 contulit
1339 1561 1489 1633 eris
1545 1572 1616 1632 et
1655 1560 1903 1657 gentis
1944 1586 1984 1632 a
2026 1560 2309 1633 civibus
2350 1560 2701 1631 auxilium

512 1663 904 1759 petiturus,

663 1763 874 1833 Tunc
933 1761 1196 1835 civitas
1261 1762 1937 1858 Sanctagathensis
2008 1770 2277 1858 sponte
2350 1760 2553 1831 venit
2608 1762 2700 1831 ad

513 1865 950 1933 mandatum
1007 1862 1358 1957 ecclesie⁷
1415 1874 1486 1934 et
1527 1886 1611 1934 se
1650 1862 1965 1934 reddidit
2000 1862 2299 1935 domino
2337 1886 2556 1959 pape.

663 1963 934 2035 Comes
975 1962 1397 2059 Roggerius
1437 1966 1528 2034 de
1565 1963 1827 2059 Aquila
1865 1962 2099 2034 filium
2140 1987 2358 2035 suum
2414 1960 2701 2055 recipit,

511 2086 738 2159 quem
777 2062 851 2135 in
890 2063 1140 2136 Sicilia
1181 2064 1516 2136 obsidem
1558 2074 1906 2135 tenuerat
1941 2064 2372 2161 imperator.

661 2164 1010 2260 Pelagius
1051 2164 1498 2237 Albanensis
1556 2164 1957 2262 episcopus
2008 2188 2143 2261 pro
2194 2164 2487 2235 defectu
2531 2161 2699 2233 soli-

513 2266 802 2359 dorum.²
859 2289 1048 2361 quos
1088 2266 1370 2337 habere
1410 2289 1558 2335 non
1596 2275 1915 2361 poterat,
1956 2265 2119 2361 capi
2158 2265 2363 2337 iubet
2396 2264 2699 2335 thesau-

509 2390 674 2438 rum
716 2364 1036 2437 ecclesie
1075 2365 1511 2439 Casinensis
1562 2375 1638 2435 et
1687 2365 2009 2437 ecclesie
2048 2366 2302 2438 Sancti
2338 2363 2699 2436 Germani

511 2493 647 2564 per
683 2467 1162 2539 Calinensem
1205 2465 1671 2562 episcopum7
1728 2489 1899 2536 cum
1954 2491 2099 2562 quo
2147 2465 2392 2538 clerici
2443 2465 2697 2538 Sancti

511 2567 864 2640 Germani
929 2566 1001 2636 in
1065 2577 1264 2638 certa
1321 2567 1729 2662 quantitate
1788 2568 2105 2662 pecunie
2160 2576 2697 2660 convenerunt,

510 2692 604 2738 ne
642 2668 1082 2741 thesaurum
1125 2667 1444 2738 ecclesie
1485 2677 1927 2763 asportaret.

659 2769 1078 2865 Imperator
1139 2792 1178 2838 a
1243 2768 1577 2864 Neapoly
1634 2771 1966 2863 Capuam
2024 2767 2369 2862 rediens,
2445 2779 2695 2840 movet

507 2869 772 2940 exinde
813 2878 1058 2939 castra
1101 2892 1265 2962 sua,
1319 2878 1394 2939 et
1437 2869 1751 2940 veniens
1792 2868 2131 2960 Calvum,
2188 2870 2305 2940 ubi
2361 2868 2691 2940 nonnulli

505 2972 597 3041 de
651 2969 898 3066 papali
954 2969 1282 3040 exercitu
1335 2979 1851 3040 convenerant
1888 2971 1975 3039 ad
2019 2969 2435 3060 defensam„
2490 2969 2693 3040 illam

505 3070 682 3141 fecit
719 3067 1042 3164 undique
1073 3068 1531 3165 impugnari,
1570 3080 1645 3141 et
1681 3079 1857 3140 tunc
1898 3080 2157 3167 captos
2196 3074 2560 3166 quosdam
2602 3072 2693 3140 de

507 3167 918 3266 Campania
959 3171 1317 3266 suspendi
1347 3171 1568 3242 iubet.
1631 3171 1721 3241 Et
1747 3173 2051 3241 tandem
2088 3171 2398 3244 Calvum
2432 3170 2697 3266 recipit

507 3275 594 3343 ad
636 3273 1070 3342 mandatum
1111 3281 1185 3342 et
1221 3269 1656 3342 fidelitatem
1698 3295 1936 3342 suam.
2012 3273 2339 3367 Indeque
2379 3295 2529 3342 non
2566 3275 2692 3344 ob-

507 3371 891 3443 stantibus·
937 3372 1272 3442 hostibus
1327 3393 1463 3467 per
1512 3371 1889 3463 Ryardum
1939 3372 2228 3444 habens
2295 3371 2701 3443 transitum·

505 3475 595 3542 ad
626 3473 978 3543 Sanctam
1008 3472 1319 3568 Mariam
1352 3473 1442 3542 de
1470 3471 1808 3542 Ferraria
1836 3472 2043 3543 venit
2070 3472 2525 3569 indempnis;
2564 3471 2687 3544 ubi

503 3595 640 3668 per
686 3572 1004 3643 triduum
1062 3595 1350 3642 moram
1407 3570 1690 3642 faciens
1728 3572 2153 3664 Vayranum
2206 3573 2493 3669 recipit⁷
2545 3572 2689 3642 Ali-

505 3673 757 3769 phiam
790 3682 862 3743 et
877 3672 1284 3743 Venafrum
1318 3680 1392 3742 et
1419 3681 1650 3742 totam
1682 3682 1963 3743 terram
1987 3671 2305 3743 filiorum
2333 3671 2687 3744 Pandulfi.

654 3773 909 3844 Dictus
937 3795 1116 3845 vero
1143 3770 1491 3866 Pelagius
1513 3773 1961 3844 Albanensis
1994 3773 2424 3886 episcopuS‚
2456 3784 2531 3844 et
2558 3796 2690 3843 rex

506 3877 877 3968 quondam
915 3870 1615 3944 lherosolimitanus
1654 3897 1793 3969 per
1830 3871 2182 3945 Mefinum
2232 3873 2371 3944 iter
2411 3874 2690 3946 haben-

393 3973 398 3978 ’
501 3983 645 4064 tes,
703 3998 870 4044 cum
911 3983 1065 4043 toto
1108 3970 1438 4043 exercitu
1480 3973 1885 4045 Minianum
1943 3985 2335 4067 venerunt
2392 3984 2468 4046 et
2518 3973 2689 4044 inde

501 4074 728 4145 celeri
769 4076 942 4168 fuga
982 4073 1357 4170 petierunt
1393 4073 1752 4146 Sanctum
1794 4075 2277 4148 Germanum

653 4174 801 4245 lllis
857 4173 1118 4246 diebus
1173 4173 1522 4246 homines
1579 4175 1830 4247 Sancti
1887 4175 2241 4248 Germani
2307 4175 2691 4267 timentes,

505 4298 598 4344 ne
638 4273 926 4369 papalis
967 4274 1340 4346 exercitus
1381 4285 1508 4346 aut
1546 4274 1909 4372 imperiali
1950 4279 2255 4347 cederet
2290 4285 2419 4346 aut
2448 4275 2689 4346 victus
