3050 4900
511 455 588 515 Vl
1331 455 1874 529 PRAEFATIO.

507 656 886 750 sincerum,
923 659 1044 727 uni
1081 659 1362 728 veritati
1398 657 1762 728 addictum
1794 665 1862 728 et
1884 660 2066 728 inter
2094 659 2381 750 neyotia
2400 658 2695 752 publica

509 763 870 828 versatum
918 756 1258 851 produnt,
1316 760 1569 853 quique
1620 757 1985 829 Friderico
2040 760 2459 851 imperatori
2506 781 2697 829 sum-

508 857 778 951 misque
828 859 1371 952 mayistratibus
1427 880 1651 951 aeque
1714 882 1804 928 ac
1862 858 2210 951 praelatis
2268 861 2693 951 praesertim

512 957 1013 1029 Casinensibus
1052 958 1222 1029 bene
1257 965 1489 1051 notus,
1540 958 1745 1043 facta
1781 959 1914 1030 sibi
1950 961 2240 1053 coynita
2280 960 2547 1053 absque
2580 961 2695 1029 ira

512 1063 580 1128 et
629 1058 866 1130 studio
921 1059 1262 1152 exposuit.
1362 1057 1867 1151 Fraymentum
1922 1059 2179 1152 reyesti
2213 1061 2695 1151 imperatoris,

511 1158 704 1254 quod
753 1181 970 1230 unum
1020 1163 1374 1252 superest,
1435 1157 1891 1252 Ryccardum
1956 1181 2149 1228 anno
2212 1159 2405 1232 1240
2464 1182 2701 1230 mense

514 1257 782 1330 Martio
836 1261 1341 1351 imperatorem
1392 1282 1551 1328 cum
1608 1260 1916 1328 excercitu
1961 1260 2475 1350 patrimonium
2511 1258 2703 1329 Petri

512 1357 960 1430 invadentem
1009 1359 1449 1450 comitatum,
1506 1361 1655 1429 eius
1701 1360 1896 1430 iussu
1936 1357 2176 1430 Monte
2210 1357 2368 1429 Alto
2416 1360 2537 1430 ubi
2586 1360 2703 1429 de-

512 1458 729 1552 yebat
781 1457 1087 1529 Romam
1141 1459 1347 1529 ivisse
1405 1463 1617 1552 atque
1680 1481 1727 1528 a
1787 1458 2306 1530 mercatoribus
2357 1458 2705 1530 Romanis

506 1561 884 1651 pecuniam
921 1581 1057 1649 pro
1093 1558 1615 1631 imminentibus
1642 1560 1887 1629 curiae
1914 1561 2216 1630 servitiis
2246 1559 2705 1654 eccsequendis

514 1660 996 1730 necessariam
1035 1661 1470 1752 neyotiatum
1509 1661 1754 1751 fuisse,
1794 1665 1863 1729 et
1895 1659 2175 1753 neyotio
2208 1661 2531 1744 confecto
2568 1683 2703 1752 pro

516 1757 917 1851 recipiendo
957 1782 1143 1830 auro
1181 1759 1701 1829 mercatoribus
1739 1759 1968 1829 debito
2011 1757 2113 1829 ad
2140 1757 2578 1830 Richardum
2620 1759 2707 1830 de

519 1857 967 1952 Monteniyro
1022 1861 1478 1930 iustitiarium
1539 1859 1800 1929 Terrae
1849 1859 2153 1929 Laboris
2210 1865 2279 1928 et
2326 1862 2707 1931 comitatus

519 1957 779 2030 Molisii
817 1958 1225 2052 ableyatum
1263 1960 1484 2042 fuisse
1534 1955 1806 2030 docet2.
1908 1959 2259 2030 Gamerae
2310 1961 2527 2053 iyitur
2579 1962 2707 2030 im·

513 2059 772 2152 periali
809 2057 1215 2155 adscriptus
1240 2061 1474 2143 fuerit.
1546 2057 1815 2147 Quodsi
1840 2061 2121 2152 inteyra
2152 2065 2435 2153 reyesta
2461 2057 2706 2131 Fride-

520 2160 651 2228 rici
684 2158 774 2229 ΙΙ.
813 2165 1279 2252 superessent,
1323 2163 1770 2253 neyotiorum
1811 2160 1902 2230 ab
1942 2183 2022 2230 eo
2052 2165 2517 2254 peractorum
2559 2163 2710 2232 sinc

522 2259 735 2329 dubio
777 2259 1092 2355 amplam
1133 2261 1454 2330 notitiam
1488 2263 1820 2355 consequi
1855 2260 2113 2332 liceret.
2177 2261 2349 2331 Loci
2376 2285 2514 2355 quo
2545 2284 2708 2332 con-

521 2362 804 2431 stitutus
860 2365 1016 2430 erat
1065 2365 1294 2451 testes,
1351 2360 1538 2453 leyes
1595 2363 1874 2431 assisae
1925 2367 1991 2430 et
2025 2360 2365 2453 epistolae
2402 2362 2709 2454 impera·

523 2463 700 2531 toris
753 2466 822 2529 et
867 2483 1110 2551 papae
1164 2458 1342 2530 libro
1399 2463 1712 2530 insertae
1764 2460 2047 2529 adsunt.
2152 2460 2311 2553 Ipse
2346 2468 2585 2531 tamen
2625 2462 2713 2531 de

525 2561 824 2653 neyotiis
859 2560 992 2631 sibi
1029 2561 1424 2631 commissis
1462 2560 1633 2631 nihil
1667 2558 1913 2651 tradit,
1954 2566 2017 2629 et
2054 2582 2197 2629 uno
2236 2565 2510 2630 tantum
2551 2560 2709 2630 loco

522 2660 796 2749 fidelem
853 2661 1270 2753 imperatori
1326 2662 1639 2729 animum
1693 2662 1781 2729 ob
1834 2660 2243 2730 coenobium
2276 2684 2523 2753 papae
2560 2666 2710 2731 tra-

527 2760 745 2832 ditum
785 2760 1224 2831 vehementer
1260 2760 1707 2855 indiynatum
1737 2760 1981 2853 prodit
1996 2758 2047 2829 ³.
2108 2760 2190 2829 In
2220 2760 2711 2853 componendo

527 2884 739 2955 opere
774 2884 902 2955 per
937 2867 1041 2933 tot
1077 2885 1310 2932 annos
1336 2884 1795 2955 proyressus,
1845 2864 1918 2931 in
1954 2862 2351 2930 universum
2390 2861 2712 2931 ordinem

525 2964 865 3055 temporis
900 2965 1232 3047 servavit,
1269 2964 1719 3053 paucissimis
1756 2962 2061 3051 exceptis
2098 2984 2282 3053 quae
2318 2966 2714 3032 retractato

528 3064 635 3133 bis
671 3068 858 3133 terve
896 3062 1074 3132 libro
1116 3060 1368 3131 addita
1405 3064 1625 3144 fuisse
1664 3061 2004 3131 videntur.

683 3161 936 3234 Sermo
1005 3162 1076 3232 in
1139 3158 1591 3233 universum4
1654 3162 1881 3231 brevis
1943 3158 2391 3253 simplicitate
2455 3161 2716 3254 placet,

531 3285 709 3332 raro
765 3262 1122 3333 involutus
1175 3268 1242 3332 et
1291 3262 1795 3350 subobscurus,
1852 3282 2362 3354 nonnunquam
2404 3262 2720 3333 versibus

529 3360 1024 3455 interspersis⁵
1060 3367 1380 3433 ornatus.
1445 3360 1899 3455 Ryccardum
1937 3360 2312 3431 Musarum
2352 3362 2569 3433 cultui
2605 3361 2721 3433 de-

533 3462 756 3533 ditum
811 3469 958 3533 tum
1009 3486 1300 3534 carmen
1356 3486 1493 3555 quo
1546 3462 1801 3532 librum
1860 3461 2153 3532 inchoat
2199 3468 2524 3556 testatur,
2581 3486 2721 3534 me-

533 3564 811 3635 moriae
861 3562 1198 3635 Wilhelmi
1235 3563 1402 3632 boni
1437 3560 1725 3633 Siciliae
1762 3564 1949 3655 reyis
1995 3570 2515 3655 consecratum,
2572 3570 2719 3634 tum

538 3662 840 3733 atterum
893 3666 1208 3748 fortasse
1263 3662 1442 3733 libro
1497 3662 1826 3733 absoluto
1881 3664 1951 3733 in
2003 3668 2315 3733 extremo
2366 3667 2551 3735 vitae
2587 3671 2722 3734 ter-

537 3766 728 3835 mino
788 3763 890 3835 ad
943 3764 1273 3833 abbatem
1315 3770 1383 3834 et
1413 3765 1685 3848 fratres
1726 3762 2141 3834 Casinenses
2181 3764 2266 3834 de
2302 3766 2554 3835 morbo
2591 3786 2722 3835 suo

540 3864 904 3955 directum,
962 3862 1154 3959 quod
1206 3886 1291 3933 esc
1344 3864 1486 3934 alio
1544 3864 1787 3934 codice
1826 3864 2195 3934 Casinensi
2245 3864 2537 3936 Gattula
2588 3864 2727 3935 luci

543 3964 756 4057 dedit,
813 3970 878 4035 et
913 3966 1108 4049 infra
1151 3971 1458 4057 repetere
1495 3966 1786 4035 iuvabit.

541 4115 600 4195 2)
631 4115 1123 4178 Εοηεῑίωῑίοηεε
1149 4138 1364 4195 regum
1399 4117 1573 4196 regni
1598 4117 1923 4199 utriusque
1950 4117 2213 4180 Siciiiae.
2258 4116 2517 4194 Neapoli
2549 4116 2729 4179 1786.

547 4220 685 4277 pag.
728 4202 872 4275 365,
917 4202 1059 4273 373,
1105 4202 1247 4265 374.
1376 4203 1435 4277 3)
1483 4222 1540 4265 a.
1591 4203 1773 4265 1229.
1903 4201 1960 4280 4)
1996 4210 2255 4278 excepta
2291 4210 2497 4259 tamen
2536 4220 2730 4279 prae-

545 4282 785 4353 satione
831 4293 892 4353 et
937 4306 993 4347 a.
1045 4286 1224 4349 1212.
1396 4287 1452 4366 5)
1503 4304 1558 4349 a.
1607 4285 1785 4357 1216,
1837 4284 2017 4357 1221,
2077 4285 2247 4355 1223,
2298 4283 2481 4347 1236.
