3050 4900
1094 471 1450 558 A.1225
1517 481 1727 557 1226.
2412 461 2509 560 59

325 675 448 753 ubi
487 691 753 751 octavo
790 679 1118 752 inttante
1153 681 1396 753 Martii
1435 695 1661 754 esse·
1715 683 2121 780 imperator
2172 684 2333 782 ipse
2373 684 2516 758 dis-

327 779 559 877 ponit,
597 783 918 854 debeant
955 781 1378 854 convenire.

474 881 580 952 Eo
607 890 953 994 tempore
982 881 1355 953 Iohannes
1385 881 1625 954 dictus
1657 905 1787 954 rex
1818 883 2512 963 lherosolimitanus

326 980 614 1054 discors
654 985 746 1053 ab
783 981 1236 1078 imperatore
1275 981 1609 1054 discedit.

346 1120 354 1124 ·
476 1083 895 1178 Imperator
929 1083 1022 1153 de
1061 1082 1325 1179 Apulia
1367 1083 1572 1154 venit
1606 1082 1679 1152 in
1720 1093 1995 1154 terram
2034 1083 2383 1180 Laboris»,
2440 1096 2515 1156 et

319 1180 585 1253 'relicta
626 1192 805 1280 aput
839 1181 1233 1254 Salernum
1275 1183 1348 1254 in
1387 1182 1695 1255 castello
1733 1183 2137 1255 Terracine
2193 1184 2513 1282 impera-

275 1365 282 1370 ·
327 1282 510 1353 trice
575 1293 924 1354 consorte
988 1281 1240 1378 sua2'1⁷
1291 1284 1454 1380 ipse
1509 1283 1581 1354 in
1638 1284 1983 1380 Apuliam
2038 1285 2226 1356 redit
2284 1284 2511 1378 celer7

327 1382 448 1454 ubi
479 1381 886 1455 Henricum
915 1384 1006 1455 de
1031 1383 1275 1454 Morra
1305 1383 1751 1478 magistrum
1782 1385 2283 1470 iustitiarium„
2316 1386 2512 1483 capi-

325 1492 630 1553 taneum
665 1483 924 1554 statuit
949 1483 1161 1579 regni
1194 1483 1336 1578 sui,
1364 1495 1440 1556 et
1461 1485 1625 1580 ipse
1648 1484 2027 1556 Piscaram
2051 1509 2139 1558 se
2165 1487 2509 1580 contulit3

322 1606 414 1654 ac
467 1581 734 1655 exinde
781 1581 854 1654 in
907 1585 1178 1655 ducatu
1215 1583 1498 1681 Spoleti
1550 1584 2029 1681 perveni›enS‚
2084 1586 2509 1658 horninibus

323 1686 636 1755 ducatus
693 1683 928 1780 ipsius
983 1707 1120 1780 per
1169 1707 1348 1756 suas
1403 1684 1718 1782 precipit
1762 1684 2074 1778 litteras„
2131 1695 2209 1757 ut
2246 1711 2507 1758 secum

323 1782 397 1854 in
435 1783 959 1856 Lombardiam
999 1785 1320 1857 debeant
1357 1783 1766 1882 proficisci3
1813 1789 2007 1881 quod
2048 1810 2219 1858 cum
2258 1787 2508 1859 facere

326 1883 467 1980 ipsi
518 1894 962 1978 renuerent,
1015 1895 1274 1981 preter
1323 1909 1520 1982 pape
1581 1888 2055 1982 mandatum,
2123 1886 2241 1958 cui
2302 1898 2510 1960 tene-

325 1988 629 2079 bantur,
685 1985 1094 2082 imperator
1141 1987 1232 2056 ad
1285 2009 1416 2057 eos
1473 1985 1760 2057 litteras
1816 1985 2037 2058 iterat
2092 1987 2508 2083 graviores,

325 2109 512 2182 quas
549 2084 654 2156 illi
690 2087 781 2157 de
820 2087 1092 2156 ducatu
1130 2085 1221 2155 ad
1261 2109 1536 2181 papam
1574 2086 1981 2157 remittunt.
2082 2088 2287 2172 Quas
2342 2089 2511 2186 ipse

321 2209 521 2282 papa
575 2183 898 2256 moleste
954 2184 1248 2279 ferens,
1319 2186 1514 2281 quod
1584 2185 1931 2258 homines
1991 2185 2313 2260 ecclesie
2370 2192 2506 2260 sub

325 2294 531 2356 certa
567 2307 766 2380 pena
803 2289 1120 2357 vocabat
1155 2308 1376 2357 cesar
1412 2287 1500 2356 ad
1543 2285 2123 2398 expeditionem,
2177 2311 2360 2360 suas
2414 2287 2505 2360 ad

323 2408 502 2457 eum
553 2384 840 2459 litteras
880 2385 1155 2481 di1igit;
1207 2409 1395 2483 quas
1433 2385 1597 2483 ipse
1634 2386 2045 2500 imperator
2080 2403 2354 2485 graves
2394 2412 2509 2461 re-

325 2496 640 2583 putans,
709 2486 1054 2559 rescribit
1111 2487 1178 2559 ei
1242 2489 1455 2584 quasi
1513 2490 1605 2559 de
1655 2488 1854 2600 pari,
1918 2499 1993 2560 et
2043 2489 2211 2585 quia
2263 2490 2335 2561 in
2394 2514 2507 2563 re·

323 2587 603 2683 scripto
654 2611 869 2658 suam
924 2587 1388 2660 voluntatem
1443 2588 1627 2661 satis
1678 2588 2086 2685 imperator
2119 2590 2349 2663 voluit
2386 2591 2508 2661 de-

325 2687 636 2758 clarare.
678 2686 935 2758 duxit
917 2712 1080 2799 ipse
1117 2713 1312 2784 papa
1355 2689 1491 2761 sibi
1505 2689 1875 2801 asperius
1916 2685 2509 2785 rescribendum,

322 2795 631 2883 propter
685 2788 882 2882 quod
931 2786 1340 2884 imperator
1387 2799 1466 2859 ut
1500 2789 1735 2886 ipsius
1772 2789 2107 2885 placaret
2143 2790 2503 2883 animum,
2634 2810 2637 2815 ·

322 2886 666 2959 rescribit
700 2886 1132 2958 humiliter
1116 2912 1188 2958 m
1227 2887 1429 2959 omni
1470 2887 1953 2960 subiectione.

471 2982 681 3058 'lunc
716 2986 938 3059 mittit
971 3012 1012 3058 a
1051 2988 1434 3083 Ravenna,
1491 2988 1612 3061 ubi
1652 2989 1937 3085 pascha
1973 2989 2271 3062 Domini
2310 2989 2503 3063 cele-

321 3090 522 3177 brat,
587 3087 909 3159 Henrico
963 3088 1404 3162 Alamannie
1460 3090 1621 3185 regi
1672 3087 1821 3161 filio
1868 3114 2047 3185 suo,
2103 3100 2184 3161 ut
2238 3090 2373 3163 sibi
2425 3091 2498 3161 in

321 3186 844 3259 Lombardiam
872 3212 1098 3260 occul
1102 3198 1234 3261 rat.
1297 3188 1583 3261 Deinde
1614 3214 1657 3261 a
1688 3190 2047 3262 Ravenna
2077 3190 2499 3285 disc-edem,

321 3296 528 3359 extra
566 3288 1027 3383 Faventiam7
1067 3313 1210 3385 que
1249 3288 1388 3361 sibi
1427 3293 1743 3361 adversa
1783 3301 1969 3385 erat,
2007 3290 2149 3361 iter
2184 3292 2501 3386 habens,

321 3398 500 3483 aput
530 3398 860 3460 castrum
891 3388 1143 3461 Sancti
1172 3389 1575 3461 Iohannis
1553 3415 1627 3460 m
1659 3390 2025 3463 territorio
2043 3390 2500 3465 Bononiensi

317 3486 571 3600 posuit
631 3498 880 3561 castra
943 3511 1119 3583 sua,
1189 3488 1440 3586 ipsum
1491 3501 1705 3585 parte
1762 3490 1875 3562 sui
1936 3491 2306 3565 exereitus
2363 3516 2502 3589 per

289 3678 292 3681 ἡ
321 3587 698 3660 civitatem
721 3588 1056 3661 Bononie
1084 3600 1472 3686 preeunte.
1526 3590 1805 3663 Exinde
1835 3615 2013 3664 vero
2040 3616 2124 3664 se
2147 3592 2495 3663 Ymolam

288 3681 653 3785 contulit,
708 3688 830 3762 ubi
876 3690 1160 3761 tamdiu
1196 3708 1488 3762 moram
1526 3690 1729 3787 fecit,
1782 3692 2022 3763 donec
2060 3692 2252 3763 sicut
2288 3692 2493 3788 prius

318 3787 564 3860 suerat
599 3812 767 3860 eam
805 3789 982 3860 fecit
1017 3790 1422 3886 aggeribus
1462 3746 1930 3905 commimiri,
1970 3802 2045 3864 et
2071 3794 2493 3889 procedens

314 3886 488 3961 inde
525 3910 797 3962 versus
833 3890 1175 3962 Parmam
1215 3891 1462 3988 dirigit
1497 3892 1639 3965 iter
1675 3916 1915 3965 suum.

313 4072 365 4143 a)
400 4088 651 4143 praeesse
693 4074 740 4126 1.

312 4215 415 4297 27)
477 4216 553 4279 cs.
617 4212 846 4281 Cbron.
907 4204 1276 4280 Turonense
1331 4210 1623 4303 Bouquet
1667 4202 1799 4296 XV,
1859 4220 1977 4286 311
2030 4230 2091 4283 et
2136 4222 2495 4286 Ricorda‘nd

311 4294 654 4379 Malespina
701 4302 926 4363 Murat.·
969 4302 1073 4375 ΙΧ,
1117 4303 1310 4366 959.
1885 4394 1984 4465 5·
