3050 4900
1238 450 1331 541 A!
1384 472 1594 546 1232.
2382 472 2517 541 117

331 675 620 747 habens
651 675 741 744 ab
775 696 920 743 uno
950 672 1186 742 latere
1213 681 1438 768 caput
1467 670 1791 743 hominis
1824 694 1993 741 cum
2028 668 2273 741 media
2306 668 2524 764 facie,

335 787 408 848 et
447 779 540 847 ab
575 774 719 845 alio
759 772 1107 870 aquilam.

481 870 990 946 Viterbienses
1021 882 1350 944 castrum
1377 874 1752 968 quoddam
1776 874 1969 968 quod
1990 869 2521 943 Vetorclanum

334 974 624 1069 dicitur⁷
676 976 870 1071 quod
912 973 1224 1045 Romani
1264 976 1645 1044 tenebant.
1698 970 2099 1069 proditorie
2154 982 2525 1085 occupant

335 1086 411 1147 et
449 1085 821 1169 evertunt,
860 1073 1300 1169 quibusdam
1343 1072 1462 1169 qui
1505 1082 1908 1145 evaserant
1942 1075 2033 1145 de
2073 1082 2320 1144 castro
2358 1074 2523 1170 ipso

338 1176 896 1248 conferentibus
955 1198 1039 1247 se
1097 1177 1186 1247 ad
1237 1175 1555 1269 Urbem,
1628 1173 1793 1246 aliis
1845 1172 2251 1245 Viterbium
2316 1196 2527 1245 sece-

336 1276 702 1349 denfibus.

483 1377 748 1448 Mense
785 1374 940 1447 lulii
981 1374 1390 1470 Gregorius
1429 1398 1625 1472 papa
1664 1374 1853 1446 redit
1883 1374 2139 1446 Reate.
2204 1373 2523 1446 Romani

334 1478 411 1549 in
464 1476 710 1548 odium
769 1500 964 1574 pape
1017 1475 1324 1547 veniunt
1361 1499 1599 1572 usque
1639 1477 1727 1546 ad
1767 1476 2101 1547 Montem
2140 1473 2521 1547 Fortinum

337 1578 615 1649 intrare
651 1575 1139 1673 Campaniam
1201 1575 1732 1672 disponentes3
1804 1576 1895 1646 ad
1959 1598 2147 1672 quos
2210 1584 2367 1647 tres
2434 1598 2524 1645 ex

335 1688 552 1775 parte
589 1700 784 1774 pape
823 1676 1214 1748 venientes
1252 1676 1699 1769 cardinales7
1738 1675 1929 1747 facta
1974 1699 2144 1747 cum
2182 1675 2292 1747 eis
2324 1698 2522 1746 com-

339 1777 710 1875 positione
749 1802 886 1876 per
921 1776 1426 1849 interventum
1466 1775 1812 1874 pecunie,
1866 1776 2182 1848 Romam
2238 1775 2525 1849 reversi

339 1890 534 1951 sunt

486 1978 909 2075 Roggerius
962 1980 1052 2050 de
1091 1977 1352 2074 Aquila
1389 1977 1791 2049 Fundanus
1842 2000 2103 2050 comes
2142 1977 2347 2072 obiit⁷
2402 1974 2523 2071 qui

339 2079 674 2152 habitum
713 2078 1135 2175 suscipiens
1175 2077 1729 2171 monachalem,
1786 2082 1979 2175 apud
2032 2078 2345 2151 Fossam
2397 2098 2526 2145 no-

340 2203 511 2251 vam
555 2178 855 2275 sepeliri
897 2177 1142 2273 elegit.
1208 2177 1575 2249 Terram
1557 2176 1821 2273 ipsiuS‚
1860 2175 2202 2250 videlicet
2229 2177 2523 2250 Fundos

337 2279 764 2351 Traiectum
804 2288 878 2350 et
913 2278 1256 2374 Sugium⁷
1309 2276 1540 2374 recipi
1593 2280 1683 2349 ad
1722 2302 1913 2375 opus
1954 2302 2174 2351 suum
2214 2275 2529 2391 precipit

340 2380 750 2494 imperator
801 2403 938 2478 per
989 2380 1393 2452 Hectorem
1440 2380 1533 2451 de
1572 2373 1824 2451 Monte
1860 2380 1915 2452 F
1918 2380 2177 2454 uscolo
2218 2377 2525 2452 iustitia-

339 2481 532 2555 rium
597 2492 672 2553 et
731 2505 868 2594 per
920 2481 1341 2578 Philippum
1398 2482 1490 2552 de
1546 2479 1768 2552 Citr0.
1876 2481 2273 2576 Gyffredus
2327 2479 2524 2551 filius

343 2582 634 2654 comitis
686 2581 922 2694 ipsius
978 2585 1066 2655 ad
1118 2605 1394 2679 papam
1450 2604 1535 2652 se
1590 2581 1924 2678 contulit
1977 2594 2180 2654 turre
2230 2581 2387 2653 Ytri
2440 2603 2525 2652 se

340 2693 646 2754 tenente
687 2706 818 2778 pro
859 2682 1052 2778 ipso,
1105 2704 1248 2777 que
1303 2683 1608 2752 tandem
1649 2682 1888 2755 studio
1928 2681 2244 2780 Philippi
2282 2684 2374 2754 de
2413 2680 2528 2755 Ci-

341 2793 454 2854 tio
495 2784 582 2853 ad
623 2806 814 2896 opus
853 2781 1324 2878 imperatoris
1363 2791 1671 2877 recepta
1723 2791 1859 2853 est.
1941 2783 2357 2880 Imperator
2392 2805 2525 2876 pro

343 2906 705 2956 succursu
739 2882 1057 2954 civitatis
1086 2880 1570 2976 Acconitane‚
1609 2905 1831 2994 quam
1864 2881 2236 2953 Iohannes
2266 2884 2358 2953 de
2389 2880 2525 2951 Ba-

340 2985 522 3056 ruch
579 2993 1018 3081 occupatam
1071 2985 1398 3075 tenebat5
1453 2992 1667 3078 parte
1722 2980 2039 3054 civitatis
2099 3005 2184 3054 se
2220 3005 2354 3080 pro
2394 2980 2527 3052 im·

341 3094 687 3182 peratore
737 3095 1079 3180 tenente,
1147 3083 1555 3156 exercitum
1613 3093 2028 3179 congregat
2079 3083 2395 3154 militum
2455 3092 2529 3153 et

344 3190 727 3258 baronum
895 3204 912 3220 ⁵
2418 3219 2425 3224 ·

491 3286 754 3355 Mense
807 3284 1123 3379 Augusti
1180 3283 1593 3380 Gregorius
1650 3309 1843 3382 papa
1908 3284 1980 3355 in
2036 3281 2524 3381 Campaniam

343 3383 557 3478 redit,
611 3394 685 3456 et
722 3395 901 3480 aput
937 3383 1352 3479 Anagniam
1391 3385 1669 3456 festum
1714 3385 2041 3458 celebrat
2076 3383 2527 3488 assumptio·

343 3483 459 3556 nis
496 3488 716 3557 beate
752 3483 1096 3581 Virginis.

493 3587 911 3682 Imperator
947 3595 1488 3682 congregatum
1528 3585 1924 3659 Brundusii
1963 3585 2373 3658 exercitum
2415 3605 2524 3655 re

343 3697 586 3778 vocat,
627 3697 700 3757 et
735 3685 900 3783 ipso
941 3688 1340 3758 mandante
1379 3686 1686 3782 quilibet
1722 3697 1899 3760 sunt
1932 3686 2004 3757 in
2044 3709 2182 3758 sua
2214 3683 2525 3756 reversi.

492 3787 572 3858 ln
601 3785 849 3859 Sicilia
879 3797 1058 3884 aput
1083 3787 1515 3859 Messanam
1558 3798 1815 3859 contra
1844 3786 2377 3882 imperatorem
2411 3807 2525 3856 se-

343 3884 516 3958 ditio
567 3899 724 3958 orta
769 3898 884 3960 est
921 3885 1320 3959 occasione
1358 3887 1719 3981 Ryccardi
1754 3890 1847 3959 de
1882 3885 2353 3981 Montenigro
2390 3907 2529 3981 per

345 3985 878 4084 imperatorem
944 3987 1311 4060 iustitiarii
1374 3988 1448 4058 in
1504 3987 1754 4060 Sicilia
1810 3985 2232 4080 constituti,
2300 4007 2523 4082 quem

344 4086 556 4160 cives
588 4087 933 4162 dicebant
971 4099 1228 4160 contra
1266 4111 1526 4159 eorum
1566 4088 1817 4160 facere
1855 4087 2296 4160 libertatem.

491 4189 930 4263 Deci-etales
985 4188 1460 4285 corriguntur
1511 4214 1553 4260 a
1608 4188 1973 4286 Gregorio
2029 4211 2268 4285 papa,
2321 4207 2523 4258 rese-

346 4292 580 4362 cando
619 4289 1000 4390 superflua
1039 4301 1113 4363 et
1149 4289 1350 4362 utilia
1387 4291 1799 4363 retinendo,
