3050 4900
1267 458 1348 531 A.
1411 460 1625 533 1229.
2450 468 2547 539 85

363 661 929 754 succumberet,
985 658 1583 756 suppellectilem
1640 680 1855 729 suam
1908 668 1983 730 et
2034 682 2329 756 queque
2386 686 2549 759 pre-

359 764 548 834 tiosa
581 764 670 833 ad
699 761 866 831 loca
896 759 1431 831 transtulerant
1463 758 1758 829 tutiora.
1829 758 2035 831 Tunc
2074 784 2209 856 per
2247 761 2545 835 biduum

361 863 434 933 in
467 862 744 935 Sancto
777 861 1156 933 Germano
1193 882 1483 931 moram
1522 858 1973 955 protrahens
2013 862 2302 958 papalis
2342 888 2550 936 exer-

364 962 596 1056 citus,
666 963 1042 1033 frumento
1111 960 1284 1032 vino
1357 970 1431 1030 et
1503 958 1669 1032 aliis
1737 962 2193 1035 necessariis
2259 965 2551 1038 munire

363 1086 664 1134 roccam
717 1062 873 1134 Iani
926 1072 1000 1133 et
1055 1060 1473 1134 Casinense
1536 1062 2078 1133 monasterium
2135 1064 2551 1163 cogitabat3

366 1173 484 1235 set
537 1162 1002 1234 acceleratus
1058 1186 1192 1257 per
1237 1161 1541 1233 nuntios
1580 1161 1833 1233 Sancti
1874 1162 2229 1235 Germani
2276 1168 2368 1238 ad
2408 1176 2553 1239 ter—

367 1286 528 1336 ram
557 1264 798 1359 ipsam
832 1272 1186 1360 properat
1211 1262 1652 1359 imperator3
1684 1286 2007 1359 moxque
2028 1265 2319 1361 papalis
2344 1290 2553 1339 exer-

367 1366 556 1437 citus
596 1364 1029 1458 dissolutus,
1084 1365 1175 1435 de
1212 1361 1488 1434 Sancto
1529 1362 1907 1435 Germano
1946 1366 2233 1461 exiens7
2280 1391 2553 1463 gressu

368 1474 679 1561 prepete
717 1461 792 1534 in
832 1463 1320 1561 Campaniam
1363 1473 1478 1536 est
1515 1486 1895 1537 reversus,

517 1566 605 1635 Et
639 1574 818 1635 tunc
855 1574 1100 1635 metus
1139 1587 1370 1635 causa
1409 1563 1532 1659 qui
1566 1563 1641 1634 in
1672 1564 1941 1636 Casino
1974 1565 2229 1638 statuti
2260 1568 2559 1641 fuerant

370 1676 444 1737 et
479 1666 554 1735 in
592 1688 808 1736 rocca
839 1664 1094 1735 Ianule
1135 1665 1583 1757 servientes,
1621 1664 1953 1737 dimissis
1990 1665 2175 1761 ipsis
2214 1668 2557 1741 munitio-

367 1766 584 1837 nibus
623 1774 1127 1837 recesserunt.
1209 1765 1345 1838 Set
1379 1764 1454 1835 in
1493 1765 1767 1838 Casino
1808 1788 1892 1838 se
1930 1765 2305 1863 recipiens
2341 1770 2558 1843 Alba-

371 1865 632 1938 nensis
681 1866 1111 1964 episcopus,
1165 1867 1406 1939 redire
1453 1867 1543 1937 ad
1585 1866 2127 1939 monasterium
2169 1864 2443 1943 milites
2484 1881 2558 1943 et

371 1967 792 2039 servientes
833 1967 1099 2061 coegit.

518 2068 726 2138 Tunc
774 2090 943 2139 cum
981 2068 1146 2163 ipso
1185 2066 1436 2162 legato
1473 2066 1742 2162 Aquini
1782 2078 1857 2139 et
1889 2067 2183 2163 Aliphie
2222 2069 2556 2169 episcopi

371 2169 877 2239 ascenderunt
929 2167 1324 2260 Casinum,
1390 2177 1463 2238 et
1514 2165 1589 2236 in
1646 2166 1925 2239 Sancto
1982 2167 2359 2242 Germano
2424 2196 2562 2267 per

370 2267 618 2363 ipsum
656 2267 991 2363 legatum
1029 2265 1496 2365 prohibitum·
1524 2278 1642 2339 est
1678 2268 2037 2340 celebrari
2078 2268 2346 2341 divina.
2426 2273 2560 2345 Ce-

372 2367 509 2439 teri
562 2390 742 2438 vero
795 2368 1057 2465 prelati
1115 2368 1235 2464 qui
1287 2378 1681 2441 cesserant
1733 2368 1805 2439 in
1857 2380 2151 2467 partem
2210 2370 2560 2468 ecclesie,

371 2470 689 2541 Romam
729 2493 813 2541 se
853 2470 1348 2541 contulerunt.
2498 2515 2503 2520 ·

530 2570 946 2667 Imperator
980 2569 1146 2667 ipse
1185 2581 1365 2666 aput
1392 2569 1752 2642 Sanctum
1786 2570 2151 2644 Thomam
2191 2574 2283 2644 de
2310 2572 2556 2646 Strata

375 2693 510 2741 sua
551 2681 794 2741 castra
840 2694 1128 2766 ponens
1165 2671 1384 2741 tertio
1413 2671 1598 2743 Non.
1638 2672 2011 2766 Octobris,
2050 2671 2299 2743 villam
2333 2675 2562 2748 Pede·

373 2771 650 2842 montis
705 2793 850 2865 que
907 2769 1172 2841 dicitur
1221 2769 1494 2842 Sancte
1538 2770 1805 2863 Lucie.,
1873 2772 2031 2844 suis
2086 2771 2287 2843 dedit
2335 2773 2407 2843 in
2460 2775 2563 2846 di·—

373 2870 796 2967 reptionem
835 2881 908 2942 et
949 2873 1278 2967 predam.
1344 2871 1690 2943 Castrum
1722 2871 2200 2944 Pedemontis
2238 2874 2561 2947 dominis

373 2971 638 3068 Aquini
680 2971 1075 3044 concessit.

523 3072 730 3144 Tunc
803 3071 1128 3144 ecclesia
1195 3070 1432 3143 sancti
1495 3071 1801 3143 Matthei
1866 3095 2257 3144 servorum
2320 3073 2457 3147 Dei
2521 3100 2561 3146 a

377 3171 814 3245 Sarracenis
856 3172 977 3269 qui
1017 3182 1230 3244 erant
1269 3172 1339 3244 in
1381 3171 1710 3244 exercitu
1746 3173 2139 3270 imperiali⁷
2195 3174 2409 3246 bonis
2450 3186 2566 3247 est

377 3273 694 3371 propriis
735 3273 1080 3370 spoliata,
1119 3295 1254 3369 pre
1291 3272 1559 3344 timore
1598 3273 1857 3369 paucis
1898 3285 2025 3346 aut
2062 3274 2284 3348 nullis
2324 3299 2567 3348 rema-

258 3386 262 3390 ’
379 3375 726 3447 uentibus
765 3373 840 3444 in
881 3375 1168 3445 eadem.

528 3476 735 3547 Tunc
753 3472 978 3544 etiam
999 3472 1278 3543 vallum
1301 3472 1692 3545 Casinensi
1703 3497 1737 3544 s
1761 3473 2195 3547 monasterii
2219 3484 2339 3547 est
2356 3499 2566 3546 man-

378 3578 550 3649 dato
623 3571 907 3646 cesaris
979 3572 1154 3644 hinc
1225 3571 1394 3645 inde
1458 3573 1745 3646 fortiter
1802 3573 2367 3672 impugnatum,
2450 3587 2569 3647 set

378 3685 842 3772 pugnatores
881 3697 1022 3745 nec
1059 3673 1131 3745 in
1173 3672 1419 3770 aliquo
1456 3675 1959 3771 profecerunt.
2046 3676 2225 3747 llluc
2262 3674 2565 3746 venien·

379 3787 498 3848 tes
551 3799 641 3844 ex
693 3783 908 3871 parte
965 3773 1281 3846 civitatis
1319 3773 1609 3847 Suesse
1663 3775 1879 3846 iudex
1920 3775 2264 3846 Taddeus
2306 3784 2380 3847 et
2416 3775 2565 3869 alii,

379 3875 758 3948 civitatem
813 3873 1055 3970 ipsam
1110 3875 1350 3947 cesari
1403 3875 1905 3969 reddiderunt,
1960 3878 2050 3946 ad
2105 3883 2329 3971 quam
2382 3877 2566 3948 reci-

380 3977 758 4075 piendam,
811 3998 1176 4047 concesso
1217 3975 1324 4047 eis
1363 3974 1755 4073 privilegio
1796 3977 1991 4071 quod
2028 3999 2163 4072 pro
2204 3975 2566 4048 universi-

380 4087 532 4150 tate
571 4077 969 4174 petierant,
1025 4075 1370 4148 continuo
1409 4075 1658 4172 dirigit
1690 4075 2118 4173 imperator.

396 4243 399 4247 .
529 4177 740 4249 Tunc
789 4174 1358 4248 Present'ianum
1413 4199 1635 4248 roc-ca
1684 4173 1960 4248 Bantre
1996 4174 2259 4250 Sernia
2314 4186 2389 4246 et
2423 4175 2567 4247 Ali-

384 4275 558 4374 phia
611 4281 700 4350 ad
753 4281 1186 4351 mandatum
1239 4278 1522 4350 cesaris
1576 4276 1976 4350 redierunt.
2082 4275 2437 4351 Similiter
2494 4286 2568 4348 et
