3050 4900
1123 441 1203 513 A.
1272 440 1482 513 1235.
1546 440 1755 513 1236.
2388 442 2531 519 129

347 639 623 713 cassati
663 649 858 711 sunt.
921 637 1310 711 Generalis
1351 639 1671 713 collecta
1708 638 1781 711 in
1822 662 2058 736 regno
2096 640 2421 737 ponitur,
2460 651 2536 714 et

347 751 530 814 tunc
563 764 697 837 pro
735 742 1184 812 adoamento
1224 739 1593 837 imperiali
1632 739 1943 813 collecte
1983 750 2157 813 sunt
2204 742 2295 814 de
2332 753 2536 815 terra

351 840 790 915 monasterii
827 839 1266 915 Casinensis
1305 839 1521 911 uncie
1567 844 1731 914 101.

499 942 768 1014 Mense
806 940 990 1014 Iunii
1027 942 1101 1013 in
1144 940 1390 1037 vigilia
1431 941 1945 1039 apostolorum
1984 941 2180 1015 Petri
2224 952 2302 1015 et
2334 941 2540 1014 Pauli

355 1053 574 1140 capta
602 1052 722 1115 est
747 1043 1114 1137 Corduba,
1143 1041 1610 1115 nobilissima
1628 1042 2218 1115 Sarracenorum
2250 1043 2541 1138 civitas⁷

355 1169 502 1240 qua
555 1152 808 1241 preter
863 1143 1182 1215 Romam
1240 1143 1965 1241 Constantinopolim
2022 1154 2097 1215 et
2148 1143 2539 1241 Hispalym

355 1244 554 1316 nulla
611 1244 852 1316 maior
903 1242 978 1315 in
1027 1248 1207 1316 orbe
1245 1242 1534 1339 dicitur,
1590 1268 1631 1315 a
1668 1245 2041 1317 Ferrando
2082 1244 2543 1317 christianis-

357 1346 548 1419 simo
587 1368 770 1440 rege.
808 1344 1045 1419 Toleti
1085 1354 1162 1417 et
1197 1343 1547 1419 Castelle.

560 1446 894 1518 Corduba
919 1456 944 1487 ³
984 1448 1167 1516 victa
1203 1448 1422 1537 iace-r,
1459 1452 1524 1517 te
1561 1447 1727 1517 vicit
1758 1452 1837 1517 ut
1869 1445 2021 1517 Deo
2059 1468 2272 1518 vaces

569 1545 802 1616 Victor
833 1545 1275 1635 Ferrandu3‚
1311 1546 1683 1639 Hyspanie
1719 1569 1847 1617 rex
1880 1544 2414 1617 memorandus.

509 1644 774 1716 Mense
826 1643 985 1715 Iulii
1056 1643 1128 1715 in
1181 1643 1376 1716 festo
1415 1655 1849 1717 sanctorum
1887 1645 2179 1717 Nazarii
2236 1654 2310 1717 et
2346 1645 2547 1720 Celsi

356 1745 414 1817 Ι
419 1745 766 1818 andulfus
795 1744 1262 1819 Sene-baldus
1295 1745 1735 1819 Casinensis
1766 1749 1993 1819 abbas
2022 1745 2341 1819 feliciter
2366 1754 2550 1843 aput

359 1844 718 1919 Casinum
767 1844 982 1941 obiit3
1053 1844 1266 1919 cuius
1319 1846 1565 1919 obitus
1617 1871 1753 1946 per
1806 1848 1873 1918 f1
1876 1857 2117 1921 atrem
2181 1845 2545 1921 lulianum

359 1948 816 2019 monachum
847 1945 1346 2020 Casinensem
1385 1948 1707 2020 dominis
1746 1947 1949 2021 curie
1983 1948 2393 2045 imperialis
2424 1947 2549 2045 qui

361 2058 538 2119 sunt
571 2049 648 2118 in
683 2046 950 2143 Apulia
987 2046 1405 2142 nuntiatur·
1441 2072 1484 2119 a
1516 2048 1783 2144 quibus
1814 2048 2141 2145 eligendi
2167 2048 2549 2121 licentiam

365 2157 782 2220 conventus
821 2146 1131 2243 accepit.

513 2248 796 2319 Eodem
835 2270 1099 2321 mense
1135 2246 1526 2344 imperiale
1564 2250 2002 2321 mandatum
2041 2252 2133 2322 ad
2160 2248 2439 2322 Urbem
2478 2258 2555 2320 et

365 2347 823 2443 generaliter
851 2372 988 2446 per
1014 2346 1364 2421 Tusciam
1397 2359 1473 2421 et
1492 2349 2019 2423 Lombardiam
2052 2360 2129 2422 et
2150 2373 2289 2447 per
2314 2358 2551 2420 totam

367 2448 776 2521 Marchiam
812 2448 1152 2545 mittitur,
1193 2459 1274 2520 ut
1307 2461 1464 2524 tam
1501 2453 1595 2524 de
1624 2452 1819 2525 Urbe
1856 2476 2083 2548 quam
2112 2452 2205 2523 de
2236 2448 2553 2548 singulis

365 2549 702 2646 ipsarum
749 2550 1302 2649 provinciarum
1357 2552 2015 2626 communitatibus
2068 2552 2553 2626 inLombar-

367 2650 566 2723 diam
604 2651 834 2764 legati
871 2653 1172 2748 vadant,
1210 2663 1611 2750 postquam
1646 2654 1821 2726 illuc
1850 2653 2205 2728 sciverint
2230 2652 2553 2750 impera-

366 2761 612 2824 torem
647 2775 977 2824 venisse.

522 2852 788 2924 Mense
822 2851 1140 2948 Augusti
1194 2852 1426 2925 frater
1457 2851 1816 2948 Iulianus,
1870 2855 2102 2926 frater
2136 2854 2555 2926 Robbertus

371 2954 463 3024 de
499 2951 642 3024 F01
647 2962 808 3024 esta
862 2962 938 3024 et
989 2953 1221 3024 frater
1273 2953 1647 3026 lohannes
1686 2954 2003 3027 Cazolus
2042 2955 2135 3026 de
2170 2953 2559 3026 voluntate

370 3051 668 3125 Henrici
700 3056 790 3126 de
812 3055 1061 3126 Morro
1085 3053 1428 3150 magistri
1456 3053 1824 3126 institiarii
1852 3078 1993 3152 per
2017 3053 2557 3128 vicedecanum

373 3163 449 3225 et
501 3165 956 3227 conventum
1005 3163 1340 3228 rectores
1389 3165 1593 3228 terre
1631 3154 2071 3228 monasterii
2108 3165 2281 3228 sunt
2318 3151 2559 3226 electi.

522 3253 937 3352 Imperator
972 3278 1143 3326 cum
1181 3256 1502 3328 honesto
1544 3254 1861 3328 militum
1896 3255 2253 3329 comitatu
2280 3251 2561 3327 relictis

374 3351 852 3450 imperatrice
905 3354 1138 3426 uxore
1188 3379 1323 3427 sua
1376 3367 1452 3428 et
1493 3358 1839 3431 Conrado
1890 3356 2041 3429 filio
2094 3381 2232 3430 suo
2280 3355 2354 3427 in
2390 3353 2563 3428 Ala·

371 3453 704 3548 mannia,
754 3453 1351 3553 transalpinavit,
1405 3465 1481 3528 et
1527 3457 1733 3529 venit
1765 3457 2168 3530 Veronam.
2226 3480 2373 3555 que
2424 3478 2562 3528 sno

373 3553 732 3626 favebat
713 3554 1068 3653 imperi03
1108 3566 1184 3628 et
1216 3555 1392 3628 inde
1429 3581 1795 3656 prospere
1833 3583 2073 3657 usque
2107 3562 2561 3633 Cremonam

378 3656 752 3769 processit
799 3655 873 3727 in
923 3657 1474 3771 Lombardiam,
1524 3658 1703 3732 licet
1736 3659 2345 3732 Mediolanenses
2390 3678 2562 3727 cum

377 3755 538 3828 suis
573 3755 852 3830 viribus
890 3781 972 3830 se
1012 3758 1148 3830 sibi
1185 3768 1661 3856 opponerent
1694 3783 1790 3832 ne
1827 3760 2201 3832 transiret.
2266 3755 2562 3830 Domini

381 3857 586 3930 curie
642 3858 764 3955 qui
818 3857 891 3930 in
950 3881 1186 3955 regno
1243 3869 1771 3933 remanserant
1820 3884 1954 3974 pro
1992 3869 2207 3958 parte
2242 3858 2564 3955 impera-

379 3958 591 4052 toris,
623 3957 920 4057 cognito
952 3961 1044 4030 de
1074 3961 1398 4032 adventu
1417 3961 1991 4058 imperatorisin
2013 3957 2565 4053 Lombardiam,

385 4060 924 4156 prohibuerunt
970 4059 1508 4132 vicedecanum
1564 4072 1641 4133 et
1693 4072 2147 4134 conventum
2205 4057 2565 4135 Casinen-

388 4183 580 4256 sem,
633 4185 728 4234 ne
785 4161 856 4233 in
911 4158 1280 4234 electione
1330 4162 1618 4236 abbatis
1667 4163 2009 4238 facienda
2045 4164 2564 4262 procederent

384 4289 433 4359 a)
472 4291 525 4344 hi
560 4303 744 4345 versus
781 4293 836 4344 in
873 4289 1125 4356 marqi‘no.
