3050 4900
513 466 660 541 ‘134
918 462 1484 539 RYCCARDUS
1537 464 1662 537 DE
1718 465 1790 537 S.
1849 465 2310 540 GERMANO

515 670 873 741 audacter
907 688 1054 737 non
1087 665 1336 738 minus
1367 688 1594 762 quam
1624 676 1975 763 potenter
2002 666 2396 763 invadenS,
2434 668 2710 741 devicit

514 769 588 841 in
643 790 940 865 campa,
995 776 1071 839 et
1129 790 1220 839 ex
1271 764 1460 865 ipsis
1515 777 1852 863 stragem
1906 792 2052 841 non
2094 768 2467 841 modicam
2507 769 2706 865 fecit,

517 880 593 943 et
641 868 1046 941 nonnullos
1101 866 1298 965 cepit
1342 878 1420 941 et
1457 868 1795 965 captivos
1836 869 2289 942 Cremonam
2329 869 2554 962 duxit,
2606 870 2709 942 ita

515 968 712 1068 quod
749 968 944 1042 inter
982 968 1194 1041 vivos
1247 977 1322 1040 et
1369 978 1707 1041 mortuos
1760 971 1848 1042 ad
1896 970 2161 1042 decem
2198 970 2356 1041 fere
2392 924 2707 1043 milfium

515 1089 914 1143 numerum
971 1078 1518 1166 computantur.
1617 1070 1825 1141 Tunc
1876 1068 2102 1141 etiam
2140 1070 2536 1143 Mediolani
2576 1094 2707 1169 po-

513 1180 750 1245 testas
789 1168 985 1241 filius
1023 1169 1232 1242 ducis
1269 1169 1639 1241 venetum
1680 1180 1942 1267 captus
1983 1180 2120 1243 est.
2224 1170 2583 1243 Similiter
2634 1182 2708 1244 et

517 1270 992 1345 carrochium
1029 1270 1229 1368 cepit
1263 1280 1340 1342 et
1375 1272 1831 1344 Cremonam
1870 1270 2093 1342 duxit

661 1371 926 1444 Mense
981 1370 1421 1443 Decembris
1475 1371 1783 1443 Lauda
1765 1371 1907 1469 ipsi
1944 1371 2403 1469 imperatori
2418 1396 2503 1444 se
2543 1376 2705 1445 red-

516 1470 722 1569 didit,
775 1481 851 1544 et
903 1470 1000 1547 ibi
1055 1471 1304 1545 natale
1358 1471 1656 1544 Domini
1697 1495 1867 1543 cum
1908 1472 2113 1545 omni
2149 1472 2470 1570 tripudio
2510 1474 2704 1547 cele-

517 1572 778 1647 bravit.

1488 1724 1737 1815 1238.

664 1864 928 1935 Mense
958 1860 1276 1935 Ianuarii
1306 1862 1675 1935 Henricus
1715 1865 1805 1933 de
1836 1862 2080 1935 Morro
2112 1862 2476 1959 magister
2503 1861 2705 1934 iusti-

512 1962 777 2037 tiarius
813 1966 907 2036 de
941 1964 1382 2036 Lombardia
1421 1962 1615 2036 redit
1651 1963 1724 2034 in
1761 1987 2109 2060 regnum,
2149 1974 2225 2035 et
2258 1974 2436 2035 tunc
2473 1987 2703 2059 gene-

515 2062 696 2139 ralis
749 2064 1060 2137 collecta
1114 2088 1252 2162 per
1301 2075 1540 2137 totum
1595 2088 1915 2161 regnum
1956 2061 2359 2162 imponitur
2396 2074 2471 2136 et
2508 2063 2705 2135 colli-

515 2162 732 2263 gitur.
824 2167 1244 2263 Imperator
1277 2164 1350 2237 in
1387 2165 1912 2239 Alamanniam
1952 2177 2267 2261 remeat,
2324 2175 2398 2237 et
2433 2164 2531 2236 ibi
2569 2188 2701 2262 pro

513 2266 712 2339 facto
766 2266 1209 2340 Lombardie
1261 2266 1675 2338 exercitum
1730 2277 2183 2363 congregat.,
2254 2266 2701 2363 magistrum

515 2370 783 2441 domus
812 2368 1402 2440 Alamannorum
1440 2367 1630 2439 ultra
1669 2377 1969 2439 montes
2008 2366 2257 2464 dirigit
2291 2391 2425 2466 pro
2464 2366 2704 2442 solda-

514 2467 644 2542 riis
681 2468 1114 2542 retinendis,

663 2569 929 2642 Mense
955 2568 1306 2666 Aprelis
1287 2592 1452 2666 ipse
1489 2568 1901 2665 imperator
1928 2567 2005 2640 in
2034 2568 2560 2641 Lombardiam
2588 2590 2702 2648 re-

515 2667 654 2766 dit,
712 2679 788 2742 et
835 2679 1013 2766 aput
1061 2671 1436 2742 Veronam
1493 2670 1916 2742 Conradum
1967 2669 2196 2741 filium
2254 2694 2475 2742 suum
2530 2692 2701 2740 cum

512 2769 968 2868 principibus
1021 2769 1315 2868 imperii
1369 2780 1447 2842 et
1500 2770 1806 2868 copioso
1858 2770 2186 2843 exercitu
2225 2769 2699 2868 prestolatur.

515 2871 1003 2946 Carrochium
1075 2882 1378 2969 captum
1440 2873 1761 2944 Romam
1832 2870 2080 2967 dirigit
2148 2871 2561 2969 imperator
2624 2869 2697 2941 in

513 2971 817 3068 signum
854 2972 1183 3045 victorie.

663 3073 926 3144 Mense
955 3071 1176 3144 Madii
1214 3071 1623 3169 imperator
1648 3071 1813 3184 ipse
1844 3083 2064 3144 vocat
2092 3075 2180 3144 ad
2214 3097 2299 3145 se
2330 3072 2698 3143 Thomam

511 3171 604 3244 de
665 3171 954 3270 Aquino
1018 3174 1468 3244 Aceirarum
1534 3171 1923 3266 comitem,
2004 3183 2079 3244 et
2140 3172 2542 3245 Henricum
2607 3175 2698 3244 de

509 3269 756 3344 Morro
796 3271 1240 3369 magistrum
1279 3271 1919 3370 iustitiariu1n,et
1956 3297 2224 3346 omnes
2265 3278 2586 3346 barones
2628 3282 2699 3344 et

509 3373 786 3446 milites
837 3374 1300 3468 infeudat053
1355 3397 1672 3470 quorum
1722 3374 2151 3470 nonnullos,
2202 3375 2405 3446 iuxta
2460 3373 2695 3471 ipsius

510 3477 944 3564 mandatum
1011 3484 1278 3545 euntes
1343 3476 1432 3545 ad
1494 3475 1655 3548 eius
1720 3475 2161 3572 obsequium
2186 3529 2205 3568 ‚
2278 3474 2697 3548 civitatibus

511 3598 656 3672 que
687 3584 1054 3646 venerant
1081 3577 1171 3647 ad
1206 3576 1637 3649 mandatum
1670 3599 1889 3648 suum
1920 3585 2335 3673 potestates
2356 3575 2697 3674 prefecit,

509 3684 587 3749 et
620 3674 786 3748 aliis
825 3675 1243 3748 custodiam
1285 3676 1749 3773 captivorum
1790 3675 2185 3748 commisit.

658 3777 923 3850 Mense
976 3775 1160 3849 Iunii
1215 3776 1454 3849 dietus
1491 3777 1941 3849 Acerrarum
1996 3802 2251 3850 comes
2310 3787 2385 3848 et
2432 3775 2693 3848 Henri-

507 3901 640 3950 cus
679 3879 772 3950 de
810 3879 1056 3950 Morro
1087 3877 1462 3974 magister
1496 3877 1979 3951 iustitiarius¹¹
2029 3881 2120 3951 ad
2161 3877 2691 3992 imperatorem

505 3977 580 4049 in
607 3977 1132 4051 Lombardiam
1173 3981 1450 4051 vadunt
1485 4001 1656 4049 cum
1697 3977 2049 4052 militibus
2087 3979 2303 4076 regni
2340 3981 2698 4050 decenter

507 4077 788 4175 paratis
835 4079 908 4150 in
967 4078 1180 4177 equis
1237 4089 1310 4150 et
1360 4077 1589 4151 armis
1644 4089 1718 4151 et
1758 4103 1927 4151 cum
1970 4080 2287 4178 pecunia
2326 4082 2416 4150 de
2455 4102 2692 4175 regno

509 4178 843 4251 collecta.
899 4178 1312 4276 Gregorius
1350 4204 1545 4277 papa
1574 4181 1849 4254 Urbem
1890 4181 2179 4277 exiens,
2219 4180 2424 4253 venit
2449 4181 2697 4274 Anag-

509 4319 560 4382 τι)
601 4311 756 4368 Heu?
793 4317 860 4368 de
897 4312 1052 4370 Mor?
1085 4313 1244 4385 Mag?
1283 4313 1392 4368 lust
1430 4333 1476 4370 c.
