3050 4900
495 416 637 487 126
893 408 1465 484 RYCCARDUS
1518 408 1643 483 DE
1690 410 1769 482 S.
1826 408 2285 483 GERMANO

490 612 853 683 infestare
889 610 1090 708 cepit
1127 632 1259 682 eos
1300 609 1423 705 qui
1461 608 1537 679 in
1567 608 1821 682 odium
1851 606 2327 706 imperatoris
2360 607 2684 679 ecclesie

492 713 984 806 adheserant3
1057 719 1366 807 propter
1428 710 1621 805 quod
1680 712 1769 781 ad
1828 732 2024 806 pape
2084 711 2437 803 verbum,
2509 708 2683 804 quia

494 822 822 885 castrum
879 811 1178 884 Sancte.
1209 808 1442 882 Marie
1493 811 1586 882 de
1638 808 1958 904 oliveto,
2013 811 2209 905 quod
2258 807 2684 904 Roggerius

493 916 585 985 de
623 911 954 985 Gallucio
991 914 1297 985 tenebat
1346 910 1469 1007 qui
1505 910 1580 981 in
1621 919 1916 1007 partem
1956 908 2281 982 ecclesie
2320 918 2687 1003 cesserat,

492 1014 661 1110 ipse
710 1012 1112 1085 Gualterus
1171 1022 1504 1109 ceperat,
1558 1010 1722 1109 ipso
1768 1010 2229 1108 imperatore
2280 1012 2687 1081 mandante

494 1138 632 1213 per
684 1113 1130 1209 magistrum
1181 1111 1660 1184 iustitiariurn
1714 1121 1975 1209 captus
2034 1121 2153 1183 est
2214 1121 2288 1183 et
2348 1109 2687 1182 custodie

495 1214 844 1308 traditus3
912 1236 1139 1309 quem
1201 1223 1457 1283 tamen
1521 1215 1612 1283 ad
1676 1235 1947 1307 preces
2014 1211 2335 1285 Odorisii
2392 1210 2687 1283 abbatis

499 1313 754 1387 Sancti
791 1310 1160 1383 Vincentii
1213 1311 1574 1384 liberavit.
1646 1312 2067 1409 Imperator
2102 1312 2173 1383 in
2214 1335 2535 1407 regnum
2572 1334 2687 1381 re-

500 1415 741 1508 dienS„
798 1412 1078 1485 casalia
1119 1413 1442 1508 quedam
1479 1412 1745 1509 Apulie
1786 1411 2222 1510 depopulari
2275 1412 2511 1485 iubet:
2569 1435 2688 1483 ca-

501 1515 660 1589 sale
717 1513 1192 1588 Castellionis
1253 1515 1342 1585 ad
1395 1512 1813 1587 Casinense
1864 1512 2407 1585 monasterium
2468 1512 2688 1609 perti-

499 1640 691 1688 nens
733 1614 964 1711 recipi
1002 1617 1336 1709 mandat,
1393 1623 1469 1685 et
1506 1612 1901 1685 inhabitari
1940 1616 2031 1686 ad
2072 1636 2263 1712 opus
2302 1637 2543 1685 suum.

649 1716 914 1789 Mense
951 1714 1420 1811 Septembris
1461 1713 1789 1785 studium
1830 1717 2025 1810 quod
2066 1714 2137 1786 in
2177 1714 2513 1811 Neapoly
2558 1736 2694 1810 per

497 1816 1037 1911 imperatorem
1078 1823 1441 1885 statutum
1470 1814 1741 1909 fuerat,
1780 1817 1972 1911 quod
2006 1814 2243 1887 extitit
2268 1814 2692 1887 turbatione

497 1917 695 1988 inter
745 1913 1146 1986 ecclesiam
1189 1924 1266 1985 et
1302 1912 1701 2011 imperium
1740 1924 1997 1987 secuta
2040 1915 2337 2013 penitus
2378 1914 2693 1987 dissolu·

497 2028 685 2111 tum,
741 2040 879 2113 per
913 2016 1447 2113 imperatorem
1486 2014 1559 2085 in
1597 2015 1934 2113 Neapoly
1969 2016 2442 2088 reformatur.

654 2116 972 2189 Romani
1045 2116 1298 2187 statim
1368 2125 1540 2212 post
1609 2115 2037 2187 discessum
2102 2114 2579 2214 imperatoris
2648 2138 2691 2185 a

502 2218 1049 2315 Raspanpano,
1114 2239 1284 2287 cum
1343 2215 1498 2288 suis
1558 2216 1836 2289 viribus
1894 2217 2481 2313 Raspanpanum
2536 2240 2693 2286 mu·

502 2318 716 2389 niunt
755 2317 977 2389 victui
1019 2316 1500 2411 necessariis,
1553 2326 1628 2388 et
1666 2318 2161 2413 procedentes
2201 2317 2411 2410 inde,
2466 2339 2697 2413 super

505 2418 912 2491 Viterbium
966 2420 1248 2490 vadunt
1297 2416 1547 2488 minus
1602 2416 1911 2514 provide
1968 2417 2394 2516 equitantes
2458 2439 2696 2514 usque

491 2518 598 2596 ’ad
640 2527 892 2615 portas
927 2517 1282 2613 civitatis3
1320 2528 1631 2614 propter
1659 2522 1849 2614 quod
1883 2518 2089 2616 ipsos
2118 2519 2194 2590 in
2224 2519 2461 2591 reditu
2492 2517 2698 2615 peni-

505 2620 647 2690 tuit
689 2617 1094 2714 equitasse.
1182 2619 1368 2690 Nam
1424 2617 1821 2716 intercepti
1876 2644 1919 2691 a
1969 2619 2399 2692 Teutonicis
2458 2617 2701 2690 militi-

509 2723 647 2792 bus
705 2729 778 2791 et
831 2718 1258 2791 hominibus
1317 2718 1635 2792 civitatis
1684 2719 1947 2817 ipsius,
2002 2720 2213 2792 multi
2265 2745 2357 2793 ex
2402 2719 2586 2817 ipsis
2625 2719 2697 2790 in

511 2844 641 2892 ore
691 2819 916 2916 gladii
975 2820 1438 2916 ceciderunt,
1513 2830 1589 2892 et
1653 2820 1861 2891 multi
1918 2819 1992 2891 in
2049 2821 2474 2919 captionem
2526 2829 2701 2892 sunt

512 2921 749 3017 ducti7
822 2920 1006 3018 ipsis
1069 2919 1553 2992 nihilominus
1610 2930 1917 2993 strenue
1981 2945 2065 2992 se
2129 2920 2699 2994 defendentibus

515 3031 772 3092 contra
825 3020 994 3092 illos
1051 3031 1126 3091 et
1179 3020 1581 3092 nonnullos
1620 3023 1713 3091 de
1752 3020 2232 3094 nobilioribus
2272 3020 2701 3094 Teutonicis

511 3122 1094 3213 trucidantibuS,
1149 3143 1321 3190 oum
1381 3143 1513 3191 eos
1564 3119 1850 3192 nollent
1885 3143 2280 3194 reservare
2318 3125 2409 3194 ad
2448 3121 2701 3193 vitam.

666 3222 826 3293 Hoc
890 3242 1130 3316 anno,
1203 3222 1398 3316 quod
1454 3219 1823 3293 Henr-icus
1882 3245 2014 3293 rex
2070 3233 2329 3294 contra
2381 3222 2702 3320 impera-

516 3333 761 3394 torem
812 3330 1106 3418 patrem
1159 3344 1380 3392 suum
1433 3320 1879 3394 seditionem
1918 3322 1992 3394 in
2029 3323 2469 3397 Alamannia
2507 3324 2705 3394 fece-

517 3421 634 3523 rit,
691 3422 892 3492 fama
927 3421 1084 3502 fuit.

1493 3565 1743 3664 1235.

669 3701 934 3775 Mense
988 3700 1308 3774 Ianuarii
1356 3703 1768 3800 imperator
1820 3705 2261 3799 generalem
2316 3705 2709 3778 collectam

521 3801 652 3872 toti
691 3826 928 3898 regno
968 3801 1309 3898 imponit,
1365 3814 1440 3875 et
1474 3813 1655 3874 tunc
1692 3803 2004 3876 collecte
2043 3806 2345 3877 fuerunt
2380 3809 2472 3878 de
2508 3815 2709 3880 terra

523 3901 964 3975 monasterii
1002 3902 1220 3988 uncie
1258 3907 1407 3977 400
1455 3927 1589 3999 pro
1638 3904 2161 3978 adoamento53
2210 3930 2348 4004 per
2394 3906 2712 4004 Stepha-
2758 3924 2763 3929 ’

525 4027 706 4075 num
757 4007 848 4080 de
897 4003 1242 4098 Anglone
1297 4002 1771 4082 iustitiarium
1826 4015 2027 4082 terre
2076 4007 2411 4102 Laboris,
2466 4017 2543 4086 et
2577 4029 2711 4110 pro

527 4113 784 4182 mutuo
825 4105 1042 4178 uncie
1082 4106 1249 4178 200.

529 4239 628 4316 53)
675 4240 993 4300 servitium
1043 4237 1325 4298 militare.
