3050 4900
508 437 604 510 48

914 439 1480 515 RYCCARDUS
1534 443 1657 516 DE
1712 445 1784 520 S.
1844 447 2304 525 GERMANO

812 638 989 712 Diro
1026 643 1206 714 satis
1239 665 1623 736 percussus
1662 645 1963 742 vulnere,

912 741 1091 812 Diro
1129 765 1353 836 coyor
1386 746 1700 839 sinyultu
1735 745 1927 820 luere

924 841 1078 934 Veh,
1132 840 1521 917 lamentum
1560 853 1630 917 et
1660 871 1955 920 carmen
1992 851 2225 925 dicere

913 941 1173 1014 Nostre
1206 947 1434 1038 yentis
1471 945 1560 1017 de
1596 971 1775 1019 casu
1810 952 2087 1045 misere,

815 1041 960 1129 Oue
995 1045 1282 1136 siynata
1321 1051 1555 1118 crucis
1589 1050 1965 1142 siynaculo

916 1142 1162 1216 Crucis
1196 1142 1381 1216 hosti
1415 1146 1603 1218 cedit
1636 1148 2023 1242 allophi105

913 1242 1073 1314 Non
1107 1247 1189 1330 fit
1216 1267 1465 1340 puyna
1503 1270 1667 1320 ense
1704 1249 1810 1322 vel
1844 1251 2127 1348 bacula,

919 1341 1047 1414 Set
1075 1353 1444 1436 premente
1470 1351 1691 1433 famis
1722 1353 2039 1444 periculo
2050 1382 2079 1445 ,-

817 1442 1140 1530 Quantus
1175 1445 1407 1539 dolor,
1461 1457 1738 1543 quanta
1776 1452 2187 1549 calamitas,

919 1543 976 1615 Ο
1011 1547 1166 1640 quis
1195 1546 1460 1641 pudor,
1517 1551 1751 1644 qualis
1788 1557 2170 1628 anxietas!

881 1693 892 1698 -
919 1645 1126 1732 Quod
1159 1651 1531 1721 succubuit
1562 1651 2073 1748 christianitas,

911 1744 1278 1838 Inpiorum
1315 1750 1587 1842 yaudet
1618 1754 1943 1844 inpietas,

809 1844 970 1916 Iesu
1008 1847 1209 1938 bone,
1266 1851 1329 1920 si
1361 1851 1486 1931 fas
1523 1859 1630 1922 est
1664 1853 1917 1947 dicere,

911 1945 1056 2017 Cur
1091 1949 1193 2018 sic
1224 1948 1502 2041 placuit
1532 1975 1666 2024 nos
1704 1953 2017 2048 deicere,-

915 2045 1107 2117 Mori
1141 2049 1334 2120 malo
1371 2075 1587 2145 quam
1626 2053 1819 2125 ultra
1858 2059 2107 2148 vivere,

922 2146 1111 2218 Vinci
1145 2149 1388 2222 videns
1427 2152 1753 2225 debentes
1790 2159 2111 2232 uincere!

814 2247 982 2334 Quis
1016 2251 1090 2319 in
1125 2256 1326 2322 tanto
1365 2251 1615 2324 dolore
1645 2258 1941 2351 positas5
2072 2339 2083 2345 -

916 2349 1045 2420 Sui
1081 2349 1264 2425 diem
1302 2375 1446 2422 non
1481 2361 1679 2446 optet
1708 2356 1988 2430 obitus?

915 2448 1173 2522 Christi
1209 2456 1430 2524 victus
1466 2457 1655 2526 iacet
1688 2463 2037 2533 exereitus
2052 2491 2077 2552 ,-
2216 2500 2221 2505 ·

884 2614 888 2618 .
923 2549 1118 2621 Unde
1149 2552 1408 2647 pudor,
1469 2554 1678 2627 dolor
1716 2564 1783 2628 et
1812 2564 2164 2653 yemitus!

818 2649 986 2737 Quis
1022 2674 1166 2722 non
1203 2660 1426 2725 meret
1457 2652 1594 2727 hoc
1628 2659 2091 2740 infortunium
2114 2666 2150 2735 2

913 2751 1176 2823 Luctus
1215 2776 1350 2824 ora
1391 2757 1735 2829 conclusit
1770 2764 2134 2854 omnium,-

836 2912 856 2925 .
911 2850 1169 2945 Roma,
1227 2862 1449 2947 caput
1481 2862 1546 2927 et
1582 2866 1813 2930 mater
1846 2863 2149 2958 urbium,

920 2951 1142 3025 Omne
1178 2954 1303 3025 tibi
1337 2956 1596 3042 defecit
1623 2960 1992 3054 qaudium.

810 3052 948 3122 Per
983 3060 1048 3123 te
1084 3056 1271 3125 venit
1301 3054 1426 3127 hec
1462 3060 1849 3153 tribulati0‚

918 3150 1173 3225 Mundi
1202 3154 1451 3248 plorat
1485 3182 1701 3252 quam
1740 3166 1973 3235 omnis
2008 3169 2206 3239 natio
2224 3196 2251 3257 ,·

917 3253 1315 3328 Christiane
1351 3258 1544 3329 cedis
1581 3265 1869 3334 occasio

920 3353 1017 3425 Tu
1052 3356 1252 3441 fuisti
1267 3386 1294 3449 ,-
1349 3360 1448 3430 sis
1484 3361 1875 3435 relevatio!

813 3454 894 3525 In
934 3460 998 3525 te
1031 3456 1278 3540 forma
1314 3460 1518 3542 facta
1558 3463 1836 3535 concilii

918 3556 1234 3629 Causam
1275 3558 1473 3631 dedit
1501 3560 1711 3634 huius
1746 3565 1951 3636 exilii.

913 3654 1115 3751 Ayar
1149 3659 1355 3731 nobis
1387 3661 1738 3734 insultant
1767 3663 1911 3757 filii,

925 3757 1047 3828 Tui
1081 3766 1428 3853 spernunt
1459 3762 1645 3835 vires
1682 3764 1948 3835 auxilii.

817 3857 1192 3951 Damione,
1247 3883 1378 3954 que
1415 3867 1520 3933 tot
1553 3861 1923 3938 laboribus

925 3958 1055 4028 Tot
1087 3961 1330 4045 effusis
1365 3968 1601 4053 empta
1640 3966 2039 4060 cruoribus,

922 4058 1342 4132 Christianis
1379 4062 1543 4133 olim
1580 4066 2039 4161 principibus,

919 4159 1252 4252 Potuisti,
1309 4184 1494 4234 nunc
1521 4189 1747 4257 pares
1783 4166 2144 4241 hostibus!
