3050 4900
1167 445 1249 518 A.
1311 445 1524 518 1222.
1590 442 1777 516 1223
2010 507 2027 520 .
2474 452 2564 524 51

381 650 480 722 de
517 646 681 744 ipso
723 654 796 716 et
835 644 992 718 suis
1031 644 1208 718 fecit
1241 652 1435 742 quod
1478 669 1739 720 eorum
1780 658 2161 720 meruerat
2200 649 2573 745 exigentia

389 769 995 822 commissorum.

536 846 974 920 Servientes
1029 848 1120 918 de
1175 847 1507 943 Neapoly
1560 858 1633 920 et
1671 849 1931 922 Gaieta
1968 847 2255 922 loricati
2294 860 2371 922 et
2405 874 2577 922 cum

393 948 624 1022 scutis
665 971 895 1046 super
932 946 1292 1022 Celanum
1334 951 1630 1020 vadunt.

445 1121 450 1126 .
543 1049 802 1122 Dictus
858 1050 1304 1122 Acerrarum
1372 1072 1633 1122 comes
1697 1050 1769 1120 in
1832 1051 2297 1124 obsidionem
2364 1073 2583 1122 rocce

399 1149 800 1246 Magenulfi
837 1148 1252 1222 revertitur.
1316 1149 1524 1222 Tunc
1562 1151 1945 1224 comitissa
1984 1176 2151 1224 cum
2194 1175 2280 1226 se
2310 1151 2584 1224 diutius

396 1262 660 1324 tenere
701 1275 846 1322 non
890 1260 1174 1346 posset,
1219 1261 1529 1348 accepta
1571 1275 1611 1322 a
1655 1252 1941 1349 prefato
1980 1255 2426 1326 Acerrarum
2468 1276 2584 1324 co-

401 1352 578 1424 mite
618 1374 751 1450 pro
791 1375 872 1422 se
915 1351 1180 1432 etsuis
1222 1352 1629 1424 securitate
1671 1377 2163 1450 personarum
2206 1364 2280 1426 et
2310 1377 2587 1448 rerum,

398 1476 698 1524 roccam
751 1450 1158 1547 Magenulfi
1207 1451 1348 1549 ipsi
1397 1454 1651 1526 comiti
1706 1458 1795 1528 ad
1852 1479 2043 1552 opus
2108 1454 2587 1552 imperatoris

399 1552 758 1647 restituit3
813 1577 958 1650 que
997 1551 1326 1627 funditus
1363 1566 1632 1650 postea
1670 1567 1789 1628 est
1824 1580 2113 1630 eversa.

554 1655 714 1726 Hoc
763 1677 958 1724 anno
1017 1677 1281 1730 mense
1331 1655 1654 1751 Augusti
1706 1656 2059 1730 Fundana
2130 1655 2395 1729 civitas
2452 1679 2589 1754 pro

407 1755 666 1826 maiori
707 1765 964 1852 parte²
1003 1778 1184 1828 casu
1225 1755 1609 1828 accidente
1649 1757 1825 1853 igne
1864 1767 2195 1830 cremata
2234 1767 2375 1830 est.

555 1855 818 1928 Mense
857 1855 1328 1953 Septembris
1363 1858 1583 1930 stella
1621 1870 1957 1932 cometes
1996 1857 2362 1956 apparuit.

559 1956 973 2053 Imperator
1025 1981 1164 2029 sua
1215 1967 1492 2048 statuta
1549 1983 1684 2055 per
1734 1968 2051 2054 regnum
2092 1958 2365 2054 dirigit,
2418 1981 2595 2053 qua-

405 2055 574 2128 liter
625 2056 700 2128 in
757 2050 1074 2151 singulis
1127 2057 1547 2132 civitatibus
1584 2061 1915 2132 castellis
1954 2071 2033 2132 et
2064 2060 2259 2132 villis
2298 2057 2594 2154 singula

412 2157 902 2228 mercimonia
955 2159 1172 2228 vendi
1211 2160 1535 2230 debeant
1569 2162 1659 2230 >ad
1700 2161 2049 2232 denarios
2090 2184 2327 2232 novos
2364 2159 2599 2232 Brun-

409 2257 603 2348 disii,
634 2257 954 2330 cassatis
976 2259 1256 2332 tarenis
1281 2259 1496 2332 novis
1517 2261 1955 2356 Amalphieb
1984 2263 2181 2333 iuxta
2212 2259 2597 2332 arbitrium

411 2382 544 2430 sex
599 2361 960 2430 bonorum
1011 2359 1400 2432 hominum
1451 2361 2041 2459 uniuscuiusque
2094 2373 2289 2434 terre
2329 2363 2419 2432 ad
2457 2361 2601 2432 hoc

411 2459 864 2555 iuratorum3
922 2471 995 2531 et
1041 2486 1274 2558 super
1308 2464 1453 2534 hoc
1490 2466 1892 2559 generales
1931 2465 2219 2538 litteras
2259 2462 2499 2537 mittit.

1389 2615 1638 2705 1223.

564 2749 940 2822 Iohannes
973 2775 1102 2821 rex
1131 2751 1789 2827 lherosolimorum
1830 2754 1951 2850 qui
1992 2756 2471 2849 postmodum
2508 2756 2603 2825 de

421 2848 569 2920 filia
611 2874 746 2923 sua
789 2875 958 2923 cum
995 2851 1454 2948 imperatore
1495 2854 1885 2948 contraxit,
1937 2854 2251 2926 veniens
2306 2856 2397 2927 de
2436 2877 2603 2950 par-

418 2950 614 3023 tibus
669 2952 1192 3025 transmarinis
1248 2978 1418 3027 cum
1475 2955 1838 3051 magistro
1890 2956 2159 3027 domus
2196 2953 2604 3052 Hospitalis

423 3052 1074 3147 lherosolimitani.‚
1103 3054 1422 3127 Romam
1454 3060 1733 3129 vadunt
1758 3058 1849 3129 ad
1871 3056 2281 3129 Honorium
2303 3078 2607 3155 papam⁷

421 3152 546 3249 qui
583 3163 760 3225 tunc
795 3154 1126 3250 graviter
1162 3156 1583 3253 patiebatur
1616 3158 1689 3229 in
1732 3182 1970 3229 crure.

571 3254 990 3351 Imperator
1036 3258 1130 3329 de
1187 3257 1431 3330 Sicilia
1487 3258 1563 3329 in
1614 3259 1957 3355 Apuliam
2016 3259 2255 3350 venit,
2310 3258 2479 3329 inde
2532 3256 2607 3329 in

424 3363 703 3426 terram
753 3356 1087 3451 LaboriS‚
1146 3368 1218 3429 et
1274 3358 1541 3431 exinde
1594 3360 1683 3430 ad
1723 3359 2081 3431 Sanctum
2122 3360 2611 3451 Germanum,

428 3454 548 3526 ubi
610 3456 770 3527 fieri
835 3482 1003 3532 cum
1070 3458 1565 3533 cardinalibus
1631 3460 2078 3557 colloquium
2146 3464 2614 3557 sperabatur,

123 3594 148 3629 o
429 3579 598 3627 cum
652 3557 814 3654 ipse
868 3582 1058 3654 papa
1098 3572 1404 3657 propter
1441 3585 1657 3633 suam
1696 3559 2205 3633 infirmitatem
2247 3558 2613 3656 colloquio

430 3656 800 3730 interesse
837 3684 985 3730 non
1027 3672 1306 3757 posset.
1417 3662 1627 3733 Tunc
1680 3673 1963 3735 tractus
2018 3687 2057 3733 a
2116 3659 2615 3733 cardinalibus

429 3770 550 3831 est
578 3758 649 3829 in
681 3760 1168 3856 Campaniam
1199 3762 1635 3861 imperator7
1676 3764 1794 3836 ubi
1826 3763 2049 3837 etiam
2082 3764 2383 3834 hortatu
2412 3759 2615 3855 regis

319 3848 358 3929 la
426 3859 1054 3933 iherosolimitani
1093 3874 1169 3935 et
1207 3863 1544 3960 magistri
1582 3868 1851 3937 domus
1882 3862 2289 3961 Hospitalis
2320 3884 2405 3935 se
2446 3883 2617 3933 con-

432 3959 597 4032 tulit
634 3961 794 4058 ipse
837 3987 1057 4059 papa,
1098 3975 1172 4035 et
1209 3968 1401 4061 apud
1437 3966 1916 4037 Ferentinum
1959 3966 2245 4036 habens
2284 3986 2451 4035 cum
2486 3961 2619 4033 im-

437 4074 782 4157 peratore
813 4064 1290 4159 colloquium7
1331 4066 1673 4162 promisit
1702 4065 1994 4162 publice
2027 4089 2265 4161 usque
2296 4065 2387 4135 ad
2419 4062 2621 4137 bien-

436 4163 636 4233 nium
673 4164 740 4234 in
777 4174 973 4233 terre
1006 4177 1264 4236 sancte
1297 4168 1706 4238 subsidium
1740 4166 2257 4259 transfretare,
2289 4174 2362 4237 et
2390 4162 2617 4235 filiam

437 4297 482 4366 a)
527 4318 578 4368 p.
621 4319 690 4351 m.
733 4318 782 4369 p.
823 4318 856 4353 α
894 4305 1070 4357 scriba
1105 4310 1290 4371 postea
1328 4307 1529 4358 addila.
1682 4304 1734 4371 b)
1776 4287 1932 4355 amal.
1973 4320 2017 4356 c.
