3050 4900
517 455 612 528 42
925 449 1498 526 RYCCARDUS
1553 451 1677 523 DE
1728 451 1803 525 S.
1860 451 2323 524 GERMANO

517 659 610 728 de
649 653 968 725 diversis
1010 652 1262 724 mundi
1297 652 1631 750 partibus
1657 651 2198 749 signatorum²¹
2239 655 2435 749 apud
2466 652 2717 724 Accon

519 753 910 827 multitudo
942 752 1311 824 convenit.
1386 752 1528 840 Qui
1562 777 1733 825 cum
1763 777 1973 849 rege,
2014 753 2435 850 patriarcha
2468 755 2719 825 lhero—

518 854 972 951 solimitano,
1032 853 1416 950 magistris
1456 856 1815 926 domuum
1867 854 2390 952 Hospitaliset
2426 854 2719 952 Templi

519 955 916 1030 consilium
964 955 1346 1048 ineunteS,
1403 979 1575 1026 cum
1628 955 2097 1028 lherusalem
2146 967 2455 1053 propter
2491 979 2717 1053 aqua-

519 1081 685 1130 rum
743 1057 1121 1129 defectum
1175 1057 1569 1129 commode
1618 1056 1821 1129 adire
1860 1081 2009 1127 non
2050 1066 2389 1154 possent,
2446 1079 2720 1129 versus

518 1157 945 1232 Damiatam
984 1157 1577 1229 Sarracenorum
1633 1157 2009 1228 civitatem
2068 1157 2393 1229 nobilem
2444 1167 2520 1228 et
2558 1181 2717 1229 mu-

521 1260 754 1331 nitam
797 1281 1104 1330 suarum
1146 1257 1451 1329 navium
1491 1261 1805 1330 carbasa
1836 1257 2288 1330 direxerunt.
2353 1257 2520 1345 Quo
2549 1282 2716 1356 pro-

520 1383 744 1459 spere
783 1358 1280 1456 applicanteS,
1320 1382 1410 1430 eo
1451 1359 1753 1431 favente
1792 1359 1915 1455 qui
1955 1359 2143 1431 mari
2184 1369 2256 1430 et
2296 1359 2541 1431 ventis
2580 1359 2713 1430 im-

519 1470 759 1559 per,at
816 1481 984 1530 cum
1040 1458 1320 1532 fluvius
1367 1459 1643 1556 ingens
1694 1469 1769 1530 et
1820 1459 2047 1533 turris
2090 1461 2167 1530 in
2222 1483 2312 1531 eo
2368 1460 2715 1556 precelsa

517 1571 948 1634 constructa
1001 1559 1401 1632 transitum
1455 1563 1547 1632 ad
1604 1558 1979 1632 civitatem
2035 1560 2331 1657 penitus
2371 1559 2714 1657 prohibe-

518 1672 713 1757 rent,
753 1660 988 1733 coacti
1019 1673 1194 1734 sunt
1225 1683 1360 1732 sua
1390 1659 1627 1756 figere
1656 1660 1976 1732 tentoria
2008 1661 2203 1733 circa
2236 1661 2431 1733 litus.
2496 1661 2713 1748 Quod

517 1763 620 1835 illi
657 1765 750 1834 de
788 1762 1133 1835 Damiata
1174 1761 1539 1856 videnteS,
1597 1785 1777 1832 suos
1820 1785 1995 1832 mox
2033 1763 2345 1834 nuncios
2386 1761 2716 1858 dirigunt

517 1868 608 1936 ad
675 1863 1110 1957 soldanum,
1175 1886 1312 1958 per
1374 1885 1566 1958 quos
1633 1885 1718 1934 se
1771 1887 1814 1932 a
1867 1861 2292 1936 christianis
2350 1867 2713 1934 obsessos

520 1961 972 2060 significant,
1029 1972 1102 2034 et
1156 1972 1418 2059 petunt
1466 1972 1545 2033 ut
1580 1963 1803 2034 suum
1840 1966 1929 2034 ad
1972 1987 2105 2035 eos
2146 1963 2395 2035 veniat
2433 1965 2506 2034 in
2547 1987 2713 2036 suc-

520 2087 846 2136 cursum.
947 2063 1090 2151 Qui
1147 2063 1395 2134 statim
1450 2062 1786 2135 collectis
1841 2063 2167 2160 undique
2205 2064 2512 2158 viribuS,
2565 2065 2709 2136 Da-

519 2165 826 2237 miatam
883 2187 966 2235 se
1023 2164 1333 2236 contulit
1385 2165 1550 2236 sine
1600 2187 1839 2276 mora,
1895 2189 2119 2262 quam
2177 2165 2357 2236 viris
2394 2164 2713 2237 munivit

519 2276 595 2337 et
632 2265 936 2359 viribus,
984 2288 1125 2336 nec
1165 2289 1311 2336 non
1354 2275 1428 2336 et
1463 2265 1725 2336 turrim
1768 2265 2215 2378 predictam,
2274 2276 2349 2337 et
2384 2289 2480 2337 ne
2522 2265 2711 2337 chri-

517 2365 740 2438 stiani
767 2375 1086 2464 possent
1114 2365 1185 2435 in
1221 2375 1508 2463 partem
1543 2365 1857 2438 alteram
1890 2365 2187 2463 navigio
2208 2375 2710 2460 transmeare,

518 2488 742 2540 secus
795 2466 1091 2563 ampnis
1147 2466 1390 2579 ripam
1439 2466 1643 2538 acies
1684 2467 2235 2539 balistariorum
2276 2479 2350 2540 et
2387 2468 2709 2541 arcario-

515 2592 684 2640 rum
736 2566 1174 2639 innumeras
1231 2566 1617 2642 ordinavit.
1690 2568 1900 2639 Tunc
1950 2568 2333 2641 christiani
2371 2573 2464 2642 de
2502 2569 2709 2665 regis

517 2679 591 2742 et
627 2666 944 2739 aliorum
983 2667 1294 2739 consilio
1335 2677 1410 2738 et
1447 2674 1821 2739 consensu
1864 2670 1985 2767 qui
2026 2681 2378 2767 preerant
2426 2670 2709 2741 exerci-

513 2770 644 2863 tui,
683 2780 762 2841 ut
796 2768 1099 2841 liberior
1135 2767 1244 2841 eis
1283 2779 1578 2882 pateret
1616 2773 1702 2841 ad
1746 2769 2121 2842 civitatem
2159 2794 2545 2866 accessus,
2586 2794 2711 2843 ex-

513 2894 856 2968 pugnate
910 2880 1196 2941 turrem
1249 2868 1599 2969 primitus
1656 2870 2171 2967 providerunt,
2240 2883 2314 2944 et
2367 2870 2609 2969 pretio
2666 2896 2709 2944 a

512 2971 968 3063 Fiisonibus,
1024 2994 1168 3040 una
1223 2964 1585 3041 conducta
1640 2971 1975 3043 cochone
1996 2970 2082 3067 ²²,
2136 2996 2363 3085 quam
2402 2983 2713 3070 propter

515 3072 798 3168 ignem,
856 3094 1078 3166 quem
1127 3069 1228 3140 illi
1269 3064 1390 3167 qui
1431 3082 1645 3143 erant
1683 3072 1753 3143 in
1792 3072 1975 3143 turri
2015 3073 2272 3186 sepius
2311 3072 2711 3169 iaciebant,

515 3172 736 3243 coriis
794 3169 1284 3243 morticinis&
1341 3181 1413 3243 et
1467 3171 1631 3243 aliis
1686 3173 2142 3246 necessariis
2182 3173 2508 3271 undique
2549 3198 2708 3245 mu-

510 3274 837 3366 nierunt,
893 3270 1090 3342 viros
1129 3274 1455 3345 audaces
1495 3284 1571 3345 et
1607 3274 2034 3370 bellicosos,
2085 3275 2204 3371 qui
2247 3299 2382 3372 per
2418 3276 2707 3347 scalam

509 3372 843 3468 ligneam
895 3371 1078 3445 satis
1131 3370 1533 3446 artificiose
1585 3376 2079 3470 compositam
2134 3378 2494 3447 deberent
2532 3398 2706 3447 con-

512 3476 880 3546 scendeie
934 3484 1217 3545 turrem
1270 3471 1542 3571 ipsam,
1597 3476 2133 3548 ordinaverunt
2181 3487 2255 3547 et
2288 3486 2707 3573 posuerunt

511 3576 583 3646 in
639 3596 747 3645 ea.
840 3574 1080 3662 Quam
1138 3598 1306 3645 cum
1347 3599 1484 3673 per
1517 3574 1829 3647 fluvium
1868 3579 2229 3649 ducerent
2264 3576 2513 3672 aliquo
2553 3600 2701 3647 non

511 3680 886 3769 obstante,
942 3674 1119 3747 hinc
1169 3675 1610 3749 Sarracenis
1650 3676 1825 3749 hinc
1862 3676 2289 3750 christianis
2328 3678 2474 3749 alta
2515 3700 2703 3749 voce

511 3775 1049 3869 clamantibuS,
1124 3798 1358 3871 seque
1424 3777 1759 3850 vicissim
1815 3777 2255 3852 ferientibus
2310 3778 2574 3851 iaculis
2630 3789 2704 3850 et

512 3876 847 3973 sagittiS,
921 3878 1259 3948 volentes
1319 3875 1442 3972 qui
1497 3887 1713 3949 erant
1770 3878 1840 3950 in
1894 3880 2229 3953 cochone
2287 3879 2572 3952 scalam
2627 3878 2700 3950 in

507 3977 734 4050 turris
789 4000 1074 4075 ponere
1125 3977 1601 4073 summitate,
1658 3987 1733 4050 et
1772 4002 1907 4076 per
1942 3979 2143 4051 illam
2186 3982 2701 4052 conscendere

513 4088 733 4176 prout
783 4079 1030 4150 fuerat
1083 4076 1545 4177 ordinatum,
1614 4082 1787 4152 dum
1842 4080 2259 4153 niterentur
2302 4080 2379 4153 in
2437 4103 2703 4153 ascen-

511 4212 616 4290 21)
661 4212 890 4275 scilicet
938 4230 1138 4275 cruce.
1311 4213 1411 4295 22)
1463 4216 1637 4274 navis
1688 4234 1927 4293 magna.
2086 4214 2189 4297 23)
2238 4215 2507 4295 pellibus
2556 4216 2705 4276 ani-

512 4296 765 4359 malium
815 4306 1224 4358 mortuorum.
