3050 4900
1242 452 1323 524 A.
1386 455 1599 528 1215.
2425 454 2521 526 39

488 651 640 726 Eo·
700 677 896 725 anno
953 676 1084 724 rex
1134 650 1572 725 Fredericus
1629 651 1701 723 in
1768 651 2208 749 rependium
2276 649 2663 724 collatilun.

335 754 474 828 sibi
513 754 776 827 celitus
815 752 1154 828 beneficii
1197 763 1273 824 et
1307 753 1663 849 triumphi
1702 753 1795 824 de
1834 753 2109 826 Ottone
2146 753 2339 826 dicto
2390 753 2524 824 im·
2560 737 2655 790 ²⁵·

336 865 728 954 peratore,
801 857 994 951 apud
1032 853 1587 951 Aquisgranum
1646 864 1918 952 sponte
1972 877 2057 926 se
2113 853 2355 929 crucis
2408 878 2526 929 ca·

337 966 630 1030 ractere
669 953 1074 1052 insignivit.

488 1056 747 1132 Dictus
799 1081 995 1156 papa
1045 1056 1282 1130 Rome
1335 1057 1532 1152 apud
1569 1055 2020 1130 Lateranum
2074 1056 2147 1130 in
2202 1054 2523 1132 ecclesia

335 1157 748 1231 Salvateris
785 1181 932 1254 que
968 1154 1585 1232 Constantiniana
1624 1155 1890 1229 dicitur
1926 1165 2267 1232 sanctam
2308 1180 2527 1249 syno-

335 1262 514 1332 dum
565 1257 994 1352 celebravit,
1046 1257 1120 1329 in
1173 1280 1318 1354 qua
1374 1281 1543 1330 cum
1601 1256 1878 1332 fuerint
1927 1268 2183 1354 patres
2234 1256 2529 1330 circiter

340 1359 887 1456 quadringenti,
943 1360 1034 1430 de
1089 1357 1625 1432 reformatione
1682 1357 2005 1430 ecclesie
2058 1357 2132 1429 in
2190 1381 2329 1432 suo
2368 1381 2526 1432 ser-

340 1483 565 1531 mone
627 1459 1058 1558 proposuit,
1145 1469 1219 1530 et
1276 1458 1718 1548 liberatione
1782 1457 2255 1555 potissimum
2325 1468 2525 1530 terre

338 1569 638 1655 sancte3
693 1559 1190 1632 interfuerunt
1237 1571 1489 1632 autem
1538 1582 1805 1654 regum
1848 1569 1923 1631 et
1957 1558 2379 1656 principum
2417 1570 2526 1630 to-

333 1661 482 1734 tius
523 1660 720 1732 orbis
762 1660 1024 1754 nuntii,
1072 1661 1368 1756 legatus
1408 1683 1707 1757 quoque
1746 1661 1948 1756 regis
1985 1659 2355 1731 Frederici
2395 1661 2527 1732 Pa-

339 1761 806 1833 normitanus
845 1760 1463 1858 archiepiscopus
1494 1761 1869 1834 Berardus
1900 1760 2233 1856 nomine,
2272 1770 2348 1832 et
2374 1761 2525 1832 Me·

336 1863 794 1935 diolanensis
846 1862 1150 1960 quidam
1193 1885 1328 1959 pro
1366 1871 1581 1958 parte
1620 1860 1915 1934 Ottonis
1954 1864 2048 1934 ad
2085 1863 2523 1936 mandatum

335 1963 660 2035 ecclesie
697 1963 940 2036 redire
982 1962 1322 2035 volentis,
1403 1961 1691 2049 Quibus
1730 1963 2066 2036 marchio
2105 1961 2527 2036 Montisfer-

334 2064 500 2158 rati,
539 2063 666 2161 qui
703 2074 864 2135 erat
899 2088 1033 2162 pro
1077 2072 1284 2158 parte
1324 2062 1527 2158 regis
1567 2061 1841 2158 ipsius,
1882 2061 2403 2138 adversarium
2441 2085 2526 2136 se

338 2187 762 2263 opponens,
801 2165 996 2260 quod
1032 2186 1165 2260 pro
1197 2163 1470 2236 Ottone
1501 2162 1666 2258 ipso
1697 2187 1845 2235 non
1879 2165 2239 2236 deberent
2266 2162 2527 2258 audiri,

335 2287 468 2336 sex
501 2265 576 2335 in
609 2263 935 2336 medium
977 2262 1298 2359 capitula
1337 2261 1662 2360 protulit.
1756 2264 2083 2336 Primum
2126 2263 2296 2362 quia
2335 2264 2527 2338 iura-

335 2375 678 2437 mentum
716 2367 910 2463 quod
942 2363 1278 2436 Romane
1319 2363 1643 2437 ecclesie
1679 2363 1964 2438 fecerat
1992 2389 2141 2438 non
2174 2363 2529 2461 servavit,

334 2476 416 2537 ut
453 2465 722 2539 debuit.
825 2466 1258 2540 Secundum
1307 2466 1478 2562 quia
1529 2476 1837 2565 propter
1874 2491 2019 2563 que
2058 2466 2194 2539 fuit
2230 2490 2527 2539 excom·-

338 2567 762 2639 municatus
819 2568 1061 2639 adhuc
1115 2566 1442 2663 detinet,
1496 2591 1639 2639 nec
1689 2567 2035 2662 reddidit,
2106 2578 2181 2641 ut
2235 2567 2527 2641 iuravit.

340 2668 673 2740 Tertium
704 2667 874 2764 quia
912 2667 1352 2765 episcopum
1386 2671 1762 2764 quendam
1794 2669 2526 2742 excommunicatum

336 2779 722 2865 tamquam
745 2767 982 2865 ipsius
1004 2768 1374 2841 fautorem
1400 2768 1654 2841 nititur
1682 2769 2105 2841 confovere.
2160 2767 2527 2856 Quartum

339 2869 508 2967 quia
549 2870 882 2965 legatum
923 2868 1364 2965 episcopum
1403 2868 1629 2941 alium
1672 2892 1944 2965 capere
1996 2868 2179 2941 etin
2222 2868 2527 2943 maioris

335 2968 742 3068 iniquitatis
791 2970 1174 3042 cumulum
1213 2968 1683 3042 incarcerare
1722 2970 2203 3068 presumpsit.
2298 2969 2529 3077 Q

337 3080 492 3142 tum
599 3070 715 3141 uia
768 3070 1810 3171 iun-‘gontemptufflffssomane
1876 3070 2199 3163 ecclesie
2262 3092 2543 3168 regem-

337 3166 813 3273 Ffeisericum
860 3195 1122 3268 regem
1171 3158 2253 3274 appellaviffpffisshymnwm
2348 3172 2529 3245 Sex-’-

337 3266 1086 3369 tum'quia‘c‘juodda'm
1115 3272 1553 3344 monialium
1572 3272 2115 3347 monasterium
2140 3271 2529 3364 destruxit,
2636 3300 2651 3311 *

340 3384 414 3445 et
471 3372 711 3445 erexit
759 3372 835 3445 in
889 3396 1171 3447 arcem.
1261 3372 1549 3445 Adiecit
1603 3372 1859 3467 etiam,
1910 3375 2106 3470 quod
2162 3396 2331 3447 cum
2385 3373 2531 3471 ipsi

339 3473 946 3546 Mediolanenses
1003 3472 1222 3545 simili
1277 3484 1539 3546 essent
1587 3473 2360 3547 excommunicatione
2400 3498 2529 3546 no-

337 3574 496 3669 tati,
548 3584 932 3671 tamquam
972 3574 1208 3673 ipsius
1249 3574 1547 3647 Ottonis
1586 3574 1993 3671 complices
2046 3586 2117 3649 et
2168 3576 2531 3669 fautoreS,

339 3684 412 3747 et
451 3676 625 3772 quia
665 3698 923 3747 eorum
965 3675 1228 3749 civitas
1267 3677 1679 3749 Paterenos
1718 3676 2043 3771 fovebat,
2080 3675 2281 3749 nulla
2320 3699 2527 3772 pror·
2724 3766 2729 3771 ·

341 3800 474 3848 sus
503 3778 876 3849 debebant
905 3776 1189 3849 ratione
1221 3776 1474 3849 audiri.
1542 3778 1753 3864 Quod
1787 3799 1957 3849 cum
1989 3776 2311 3848 moleste
2340 3774 2527 3848 satis
2599 3777 2615 3781 “

341 3876 621 3948 ferrent
648 3875 1253 3951 Mediolanenses
1291 3876 1461 3975 ipsi,
1501 3888 1577 3949 et
1611 3876 1893 3949 vellent
1930 3875 2343 3949 marchioni
2379 3874 2528 3973 ipsi

335 3976 410 4047 in
450 3976 906 4049 contrarium
948 3981 1436 4075 respondere,
1475 3977 1645 4077 quia
1686 4002 1863 4076 pars
1902 3988 2217 4074 utraque
2246 3976 2319 4048 in
2352 4000 2525 4049 con-

335 4078 684 4149 tumelias
734 4082 1293 4176 prorumpebat,
1348 4082 1440 4152 de
1493 4078 1681 4152 solio
1737 4103 1875 4151 suo
1927 4077 2275 4151 dominus
2326 4102 2523 4177 papa

335 4202 564 4251 manu
604 4178 865 4275 innuit,
905 4189 979 4251 et
1017 4179 1573 4277 egredientibus
1615 4178 1887 4253 ceteris
1926 4178 2091 4278 ipse
2120 4180 2523 4253 ecclesiam

331 4302 379 4371 a)
421 4301 503 4357 Eo
537 4336 604 4345 —
639 4304 912 4374 insignivit
947 4311 1244 4360 atramenlo
1279 4306 1430 4361 inita.
