3050 4900
1159 460 1241 533 A.
1307 459 1517 532 1231.
1582 460 1792 533 1232.
2435 462 2575 533 109

383 662 555 734 dem
595 659 834 731 factas
873 658 1082 731 iussu
1121 658 1488 756 imperiali
1529 683 1664 756 per
1695 660 2145 733 Robberturn
2180 663 2273 733 de
2303 662 2575 757 Bussa,

384 765 743 835 baronem
797 762 890 832 de
935 759 1291 831 comitatu
1350 760 1643 853 Molisii,
1699 759 1971 857 aperiri
2027 760 2246 834 iussit
2283 772 2359 833 et
2395 766 2573 859 pub·

382 860 617 955 linari,
657 860 1053 957 unicuique
1094 860 1621 933 infamatorum
1664 860 2025 933 exhibens
2064 862 2393 934 libellum
2437 887 2573 936 sue

381 961 689 1034 infamie
753 971 832 1033 et
891 961 1194 1033 nomina
1243 961 1763 1033 infamantium
1817 960 2025 1057 illos3
2094 966 2288 1060 quod
2344 986 2571 1037 causa

382 1063 518 1133 fuit
557 1085 833 1158 magne
871 1061 1243 1134 discordie
1281 1062 1476 1134 inter
1512 1063 1749 1160 ipsos,
1788 1072 1863 1134 et
1898 1062 2041 1135 odii
2074 1063 2327 1160 magni
2360 1064 2570 1135 fomi-

379 1172 535 1236 tem
566 1162 1037 1234 ministravit.
1111 1163 1318 1235 Tunc
1346 1165 1438 1235 de
1473 1165 1823 1235 mandato
1855 1162 2091 1260 ipsius
2122 1166 2570 1237 Acerrarum

383 1262 675 1335 comitis
715 1286 850 1335 sex
891 1262 1106 1335 electi
1148 1273 1324 1335 sunt
1357 1263 1430 1334 in
1461 1263 1739 1335 Sancto
1770 1264 2177 1359 Germana,
2216 1264 2337 1362 qui
2381 1264 2569 1337 iura-

381 1374 652 1436 verunt
707 1367 890 1436 dare
953 1362 1292 1461 Philippo
1364 1366 1454 1435 de
1519 1364 1717 1439 Citro
1786 1364 2251 1437 comestabili
2314 1367 2567 1463 Capue

377 1463 599 1537 fidele
653 1463 1050 1536 consilium
1107 1475 1180 1536 et
1228 1463 1612 1559 auxilium,
1666 1465 1983 1560 qualiter
2020 1464 2331 1537 munitio
2367 1477 2567 1538 terre

381 1564 636 1638 Sancti
691 1562 1048 1637 Germani
1103 1564 1450 1635 celeriter
1503 1565 1989 1661 compleatur.
2097 1566 2239 1651 Qui
2317 1566 2567 1639 habito

379 1665 692 1738 consilio
733 1664 1212 1761 providerunt
1251 1662 1737 1738 munitionem
1780 1665 2021 1761 ipsam
2059 1689 2192 1761 per
2217 1666 2565 1739 homines

379 1765 637 1839 Sancti
667 1764 1020 1837 Germani
1061 1775 1137 1837 et
1173 1765 1477 1837 alterius
1510 1777 1708 1836 terre
1744 1764 2175 1837 monasterii
2205 1766 2279 1837 in
2310 1777 2563 1863 partes

377 1870 652 1939 debere
709 1864 1084 1961 distribui3
1139 1865 1396 1962 sicque
1453 1866 1729 1938 factum
1790 1876 1931 1962 est,
1986 1878 2061 1939 et
2099 1891 2271 1964 pars
2312 1867 2562 1965 operis

377 1967 825 2064 quibuslibet
861 1966 1268 2062 assignata.

527 2068 734 2140 Tunc
797 2068 1020 2138 etiam
1085 2069 1438 2139 mandato
1502 2066 1671 2137 dicti
1738 2066 2029 2138 comitis
2096 2077 2171 2138 et
2222 2068 2559 2164 magistri

375 2167 771 2263 iustitiarii.,
825 2166 1045 2240 baiuli
1103 2165 1575 2263 imperiales,
1632 2166 1752 2262 qui
1811 2167 2241 2239 Cavarrecti
2296 2192 2563 2239 vocan-

375 2279 520 2363 tur,
575 2290 711 2364 per
747 2269 1102 2339 domnum
1141 2268 1543 2339 Hectorem
1583 2268 1674 2338 de
1712 2267 1963 2338 Monte
2000 2268 2344 2362 Fusculo.,
2386 2279 2563 2341 tunc

373 2379 576 2441 terre
626 2367 932 2440 Laboris
985 2366 1501 2464 iustitiarium,
1574 2369 1666 2440 de
1722 2367 1996 2440 Sancto
2054 2369 2434 2441 Germano
2488 2380 2562 2442 et

374 2481 530 2542 tota
565 2479 764 2542 terra
804 2470 1239 2542 monasterii
1279 2480 1745 2542 amoventur.

522 2571 786 2643 Mense
822 2569 1198 2642 Februarii
1237 2570 1307 2641 in
1347 2571 1624 2642 Sancto
1664 2570 2043 2642 Germano
2100 2571 2560 2644 constitutio-

373 2694 509 2742 nes
549 2669 1006 2766 itnperialeS‚
1061 2693 1204 2766 que
1255 2671 1695 2766 augustales
1748 2682 2135 2764 vocantur,
2192 2671 2559 2767 publicate

373 2780 570 2862 sunt,
611 2793 926 2866 quarum
960 2769 1246 2841 initium
1277 2780 1426 2841 est:
1467 2772 1639 2842 Post
1670 2772 1915 2840 mundi
1951 2771 2359 2841 rviachinam
2388 2795 2559 2864 pro-

371 2870 680 2942 videntia
737 2870 981 2942 divina
1031 2874 1436 2960 firmatam,-
1491 2871 1582 2941 de
1639 2871 1901 2965 quibus
1954 2870 2094 2942 has
2144 2869 2339 2941 inter
2374 2872 2559 2944 alias

372 2969 568 3066 elegi
605 2970 780 3042 huic
817 2969 1022 3067 operi
1062 2970 1545 3042 inserendas:

519 3071 956 3144 Fredericus
1008 3082 1373 3167 augustus
1413 3074 1504 3142 de
1542 3068 1687 3142 fide
1728 3081 2229 3142 mercatorum
2248 3068 2343 3142 ⁴¹:
2403 3071 2558 3144 Μα-

368 3173 634 3264 yistros
669 3173 1248 3243 mechanicarum
1289 3173 1576 3256 artium,
1632 3195 1931 3264 quorum
1990 3175 2226 3264 operis
2276 3179 2345 3243 et
2394 3196 2557 3266 ope-

371 3273 566 3342 ribus
613 3271 930 3343 homines
965 3295 1214 3344 carere
1249 3295 1392 3342 non
1427 3277 1746 3364 possunt⁵
1802 3271 2125 3366 leyaliter
2162 3279 2230 3343 et
2259 3272 2557 3358 fideliter

370 3393 507 3442 sua
563 3394 787 3463 opera
841 3395 1167 3443 exercere
1202 3372 1452 3442 debere
1489 3371 1827 3442 iubemus.
1923 3370 2261 3461 Aurifices
2296 3373 2561 3445 scilicet

369 3472 490 3565 qui
537 3472 606 3540 in
662 3495 846 3542 auro
899 3477 964 3542 et
1015 3477 1312 3565 arqento
1349 3470 1713 3561 laborant,
1770 3471 2117 3565 senserim,
2172 3475 2553 3568 scutariOS,

367 3573 732 3656 frenarios
783 3578 994 3666 alque
1048 3570 1456 3664 Ιονηιενίοε,
1527 3570 2025 3665 caldararios,
2096 3574 2381 3665 Γαὸνοε,
2436 3575 2556 3666 qui

368 3673 508 3742 eris
545 3677 612 3740 et
643 3673 821 3756 ferri
857 3693 1285 3766 quecumque
1323 3693 1547 3765 opera
1584 3673 1880 3754 faciunt.
1978 3672 2302 3743 Balistus
2338 3674 2551 3744 etiam

363 3771 709 3856 facientes
748 3795 836 3843 ae
874 3773 1112 3864 arensi,
1164 3778 1234 3843 et
1263 3769 1690 3867 yeneraliter
1725 3793 1969 3842 omnes
2007 3774 2337 3864 artifice3‚
2392 3795 2553 3843 cum

364 3870 504 3959 fide
553 3877 622 3943 et
657 3871 914 3963 stadie,
961 3878 1182 3965 prout
1217 3874 1691 3966 unusquisque
1730 3873 2105 3956 artificium
2144 3870 2390 3942 melius
2424 3895 2551 3942 no-

365 3973 564 4064 verit,
621 3971 942 4042 volumus
981 3973 1289 4064 operari.
1388 3971 1808 4065 Speciuliter
1846 3977 2079 4042 autem
2117 3973 2451 4042 scutariis
2488 3980 2555 4042 et

365 4071 671 4143 sellariis
705 4073 1154 4165 iniureyimu8‚
1193 4077 1272 4143 ut
1305 4079 1657 4166 emptores
1695 4073 2086 4144 certiorare
2112 4071 2409 4159 fideliter
2434 4072 2549 4144 de-

363 4171 596 4259 beant,
627 4178 862 4242 utrum
895 4179 1192 4266 arqento
1222 4172 1329 4244 vel
1352 4180 1613 4244 stanno
1643 4174 2079 4266 superposite
2099 4173 2241 4244 sint
2254 4173 2547 4266 picture,

365 4287 464 4369 41)
515 4289 618 4348 nb.
663 4290 723 4362 3,
772 4289 861 4354 tit.
909 4289 1009 4352 49.
