3050 4900
1181 1190 1794 1273 PRAEFATIO.

391 1487 677 1594 Sancti
731 1523 1072 1595 Germani
1120 1525 1372 1594 civitas
1423 1526 1657 1614 primo
1706 1525 1857 1606 fere
1909 1522 2149 1617 lapide
2202 1548 2249 1594 a
2291 1523 2575 1596 Casini¹

392 1623 769 1697 ruderibus
807 1622 910 1694 ad
942 1621 1260 1695 radicem
1298 1629 1555 1694 montis
1590 1626 1663 1695 in
1698 1625 1899 1695 cuius
1931 1626 2300 1695 cacumine
2328 1648 2577 1696 mona-

379 1725 682 1798 sterium
735 1724 1116 1796 Casinense
1161 1726 1416 1794 eminet
1463 1726 1603 1794 sita
1660 1723 1963 1820 olimque
2018 1747 2187 1794 arce
2238 1723 2401 1795 Iani
2451 1747 2577 1796 seu

391 1825 694 1898 lunulae
735 1829 1098 1920 protecta,
1159 1827 1349 1894 viam
1387 1823 1683 1916 claudit,
1732 1846 1920 1919 quae
1954 1823 2185 1895 Roma
2218 1847 2350 1918 per
2385 1823 2573 1896 Ana-

387 1927 670 2021 9niam,
735 1924 1221 2017 Ferentinum,
1289 1923 1789 2016 Frusinonem,
1859 1924 2299 2018 Ceperanum
2362 1931 2576 2019 atque

390 2025 738 2120 Aquinum
792 2026 864 2095 in
913 2027 1259 2096 interiora
1297 2023 1617 2118 Apuliae,
1672 2023 1833 2096 hinc
1888 2024 2213 2118 Capuam
2271 2030 2339 2095 et
2390 2025 2575 2096 Nea·

379 2126 628 2221 polim,
679 2124 843 2197 inde
878 2123 1354 2196 Beneventum
1409 2123 1624 2195 ducit.
1716 2123 1855 2194 Per
1904 2124 2128 2196 multa
2174 2124 2471 2196 saecula
2510 2132 2579 2196 et

390 2226 492 2298 ad
523 2231 781 2296 nostra
819 2247 1040 2318 usque
1077 2230 1401 2318 tempora
1438 2225 1578 2308 fuit
1610 2225 1789 2296 iuris
1823 2229 1890 2295 et
1927 2222 2222 2296 dominii
2253 2227 2578 2296 coenobii

389 2327 818 2416 Casinensis,
874 2326 1074 2396 cuius
1107 2326 1274 2409 fata
1312 2347 1458 2394 una
1495 2347 1653 2395 cum
1693 2324 1977 2418 reliquis
2014 2327 2305 2419 triqinta
2346 2325 2569 2396 abba-

384 2429 528 2499 tiae
585 2427 851 2499 castris
906 2423 1136 2499 subiit.
1247 2423 1400 2513 Ouo
1462 2424 1620 2498 loco
1683 2431 2009 2522 verqente
2068 2425 2360 2497 saeculo
2414 2425 2569 2497 XII.

383 2533 599 2599 natus
633 2525 1078 2620 Ryccardus,
1133 2526 1589 2599 Casinatibus
1637 2528 1966 2619 patribus
2012 2527 2336 2598 naturali
2387 2551 2566 2621 qua-

385 2628 556 2701 dam
610 2625 1118 2699 necessitudine
1171 2629 1480 2719 iunctus,
1544 2632 1929 2721 postquam
1992 2630 2259 2699 notarii
2309 2651 2565 2700 munus

381 2728 690 2821 suscepit
741 2732 808 2797 et
854 2750 901 2797 a
949 2725 1315 2799 Friderico
1363 2726 1454 2798 11.
1511 2728 1946 2821 imperatore
1996 2730 2235 2816 officio
2276 2728 2563 2821 publico

381 2828 719 2901 admotus
755 2850 996 2899 rerum
1023 2826 1504 2922 yerendarum
1535 2828 1891 2921 particeps
1918 2828 2159 2909 factus
2187 2834 2311 2919 est,
2348 2826 2564 2900 histo-

361 2930 536 2999 -riae
588 2950 862 3023 quoque
905 2930 1199 3021 patriae
1250 2929 1362 2999 sui
1413 2929 1751 3021 temporis
1802 2926 1965 3000 inde
2018 2928 2111 2999 ab
2160 2928 2353 2999 obitu
2403 2928 2562 3000 Wil-

379 3027 587 3100 helmi
612 3028 700 3099 II.
731 3030 917 3122 reqis
951 3027 1372 3100 scribendae
1411 3029 1731 3101 accessit.
1804 3027 2017 3099 Cuius
2053 3030 2157 3100 rei
2190 3027 2558 3102 consilium

377 3136 526 3201 tam
565 3130 1022 3223 antiquorum
1057 3151 1276 3223 quam
1314 3127 1821 3200 modernorum
1858 3130 2207 3201 esccitatus
2240 3131 2559 3224 exemplo

376 3230 669 3301 evolutis
697 3251 973 3323 quoque
1001 3228 1384 3301 annalibus
1412 3228 1913 3301 Casinensibus
1939 3231 2345 3324 concepisse
2371 3230 2561 3304 vide·

375 3337 514 3421 tur,
573 3351 752 3424 quos
799 3329 1076 3424 quidem
1129 3331 1329 3423 novit
1377 3335 1445 3400 et
1492 3352 1737 3401 eorum
1789 3328 1893 3401 ad
1942 3330 2332 3424 exemplum
2364 3333 2560 3425 prin-

375 3433 562 3523 cipia
600 3430 836 3523 operis
870 3431 983 3501 sui
1017 3431 1514 3523 composuerit.
1589 3426 1737 3501 Sed
1766 3453 2157 3525 proqressu
2194 3434 2557 3526 temporis,

376 3530 545 3603 dum
571 3530 846 3601 consilii
872 3535 1088 3601 tenax
1115 3553 1296 3624 opus
1320 3531 1499 3601 inter
1525 3532 1849 3601 maxima
1881 3554 2117 3603 rerum
2142 3530 2553 3606 discrimina

373 3632 892 3725 quinquaqinta
931 3636 1242 3725 quatuor
1271 3654 1402 3726 per
1439 3653 1673 3703 annos
1702 3638 2126 3724 prosecutus
2158 3639 2283 3724 est,
2322 3656 2553 3705 exem-

367 3730 561 3826 plum
601 3731 694 3803 ab
732 3732 926 3801 initio
962 3733 1405 3825 propositum
1443 3732 1516 3803 in
1551 3732 1968 3803 immensum
2009 3734 2396 3825 superavit,
2448 3735 2551 3803 ita

371 3838 451 3902 ut
501 3854 656 3903 eum
713 3834 1052 3925 optimum
1113 3854 1354 3904 rerum
1418 3831 1675 3902 Italiae
1734 3832 2097 3917 inferioris
2157 3837 2224 3902 et
2274 3832 2552 3903 mediae

369 3932 662 4003 saeculo
716 3931 904 4005 XIII.
953 3934 1398 4026 scriptorem,
1455 3936 1667 4025 atque
1723 3954 1962 4004 rerum
2018 3935 2168 4004 visu
2212 3932 2323 4003 vel
2364 3932 2555 4021 fideli

371 4032 716 4104 relatione
753 4036 1201 4127 coqnitarum
1237 4032 1456 4119 fidum
1496 4038 1565 4102 et
1599 4040 2018 4105 accuratum
2056 4039 2298 4105 testem
2328 4058 2550 4129 ayno-

367 4156 658 4205 scamus
694 4156 974 4205 necesse
1009 4136 1116 4205 sit.
1227 4132 1726 4226 Quaecumque
1762 4136 1941 4205 enim
1979 4140 2264 4225 narrat,
2320 4136 2547 4205 virum

369 4316 425 4397 1)
474 4314 691 4377 civitas
738 4316 832 4375 vel
881 4292 1182 4397 oppidum
1229 4313 1436 4377 Sancti
1481 4314 1665 4379 Petri.
