3050 4900
472 465 568 535 70
873 456 1436 533 RYCCARDUS
1489 454 1615 529 DE
1672 458 1744 530 S.
1801 450 2262 532 GERMANO

621 659 1029 756 Gregorius
1078 679 1274 756 papa
1325 682 1368 728 a
1407 659 1643 731 Reate
1683 656 2109 769 discedens,
2163 657 2367 731 vadit
2404 659 2671 756 Spole

471 771 630 834 tum
671 771 746 832 et
783 759 1050 832 exinde
1093 757 1502 830 Perusium.

620 861 1034 958 Imperator
1069 861 1264 956 apud
1301 857 1803 931 Brundusium
1844 882 1931 931 se
1969 859 2396 955 conferenS,
2450 882 2659 930 mare

471 963 733 1057 intrat,
789 971 865 1034 et
913 960 1114 1074 apud
1167 959 1526 1032 Sanctum
1582 957 1958 1030 Andream
2006 962 2101 1031 de
2151 959 2397 1030 insula
2446 959 2665 1032 iussit

475 1061 726 1134 omnia
759 1061 1057 1156 navigia
1087 1069 1346 1157 parata
1377 1061 1470 1131 ad
1497 1058 1898 1130 transitum
1934 1059 2373 1154 convenire3
2413 1083 2501 1131 ac
2540 1083 2663 1131 ex·
2663 1097 2669 1102 ·

472 1163 644 1235 inde
699 1163 1114 1234 Ydrontum
1181 1160 1593 1256 navigans3
1662 1159 1981 1233 feliciter
2041 1161 2230 1232 ultra
2296 1183 2507 1232 mare
2567 1163 2659 1232 ad

473 1262 715 1336 crucis
771 1260 1216 1375 obsequium
1268 1260 1819 1355 transfretavit3
1889 1259 2009 1332 ubi
2068 1260 2237 1357 quid
2298 1259 2539 1356 egerit
2586 1270 2663 1332 et

473 1362 842 1461 qualiter
824 1387 900 1433 m
937 1371 1138 1432 terne
1177 1372 1438 1434 sancte
1477 1361 2049 1458 recuperatione
2077 1360 2504 1458 profecerit
2544 1385 2663 1433 se-

473 1487 716 1562 quens
751 1461 974 1534 lectio
1012 1461 1437 1535 declarabit.

624 1562 1036 1659 Gregorius
1064 1585 1258 1660 papa
1289 1585 1556 1634 mense
1586 1560 1745 1632 Iulii
1775 1563 1867 1633 de
1900 1561 2206 1633 Perusio
2239 1560 2438 1633 vadit
2454 1560 2662 1634 Asci·
2662 1602 2664 1604 ·

475 1663 698 1760 sium,
737 1663 857 1735 ubi
893 1664 1203 1734 fratrem
1243 1662 1749 1755 Franciscum⁷
1786 1659 2154 1733 Minorum
2194 1657 2506 1732 fratrum
2547 1679 2659 1733 or-

473 1764 662 1835 dinis
701 1763 1198 1858 inventorem,
1254 1773 1561 1860 propter
1610 1765 1753 1832 duo
1794 1786 1937 1857 que
1976 1763 2261 1833 fecerat
2300 1761 2659 1833 miracula

472 1864 546 1935 in
599 1872 887 1959 aperto,
939 1862 1012 1935 in
1072 1885 1250 1934 ceco
1304 1862 1652 1934 videlicet
1700 1885 1848 1932 uno
1904 1871 1977 1932 et
2032 1862 2334 1958 claudo,
2391 1863 2658 1959 quibus

471 1965 718 2035 visum
761 1973 835 2034 et
870 1986 1222 2076 gressum
1263 1962 1708 2058 reddiderat
1765 1961 2261 2058 canonizavit3
2319 1973 2392 2034 et
2439 1963 2659 2034 Peru-

473 2064 670 2138 sium
725 2063 1050 2158 rediens,
1105 2063 1200 2136 ibi
1251 2062 1848 2135 anniversarium
1891 2062 2290 2159 magnifice
2331 2063 2660 2136 celebrat

469 2163 880 2237 innocentii
915 2187 1108 2261 pape
1147 2163 1710 2261 predecessoris
1752 2162 1886 2235 sui

617 2266 902 2337 Eodem
952 2289 1216 2336 mense
1254 2264 1412 2336 Iulii
1451 2288 1671 2336 mons
1706 2263 1897 2335 Iscle
1936 2266 2345 2336 subversus
2386 2273 2527 2356 est
2584 2221 2661 2335 et

469 2364 765 2463 operuit
801 2365 874 2435 in
916 2365 1287 2438 casalibus
1328 2369 1465 2438 sub
1505 2389 1595 2435 eo
1635 2366 1999 2461 degentes
2032 2364 2189 2436 fere
2222 2364 2657 2463 septingen-

469 2476 587 2540 tos
627 2465 972 2537 homines
1012 2465 1207 2538 inter
1243 2466 1442 2537 viros
1484 2476 1558 2537 et
1594 2464 1974 2537 mulieres.

618 2566 884 2637 Mense
944 2566 1262 2661 Augusti
1324 2566 1601 2637 Marius
1660 2564 2050 2662 Rapistrus
2116 2565 2351 2639 cessit
2410 2558 2655 2637 officio

469 2665 1014 2761 iustitiariatus3
1053 2677 1128 2737 et
1163 2665 1597 2761 Stephanus
1632 2668 1727 2737 de
1758 2667 2100 2761 Anglone
2139 2676 2215 2737 et
2252 2666 2656 2738 Pandulfus

469 2766 560 2838 de
597 2766 889 2864 Aquino
928 2765 1304 2839 substituti
1344 2777 1518 2838 sunt
1552 2766 1653 2838 illi
1692 2768 1784 2839 de
1821 2768 2173 2840 mandato
2220 2766 2431 2838 ducis
2468 2766 2654 2863 Spo-

467 2866 617 2938 leti.
705 2866 846 2953 Qui
902 2870 992 2938 de
1030 2867 1295 2964 Apulia
1332 2866 1811 2939 introducam
1851 2866 2075 2959 vadit,
2130 2876 2206 2939 et
2254 2890 2523 2938 omnes
2562 2868 2655 2938 de

470 2990 704 3062 regno
756 2966 1106 3040 sollicitat
1158 2968 1605 3061 infeudatos,
1662 2976 1740 3038 ut
1790 2968 1881 3038 ad
1932 2992 2105 3039 eum
2156 2969 2432 3038 vadant
2480 2990 2649 3038 cum

470 3066 784 3139 exfortio
837 3090 976 3139 suo
1033 3068 1124 3138 ad
1179 3067 1648 3139 dominorum
1707 3065 1967 3163 Popliti
2026 3066 2415 3139 rebellium
2478 3090 2653 3138 con-

469 3165 871 3257 fusionem3
903 3167 1026 3262 qui
1057 3190 1140 3238 se
1173 3176 1431 3237 contra
1461 3166 1994 3263 imperatorem
2019 3168 2092 3239 in
2115 3167 2653 3266 Capitinnano·

467 3277 933 3364 receperant.
1033 3268 1326 3339 interea
1378 3266 1791 3364 imperialis
1842 3269 2213 3341 exercitus
2268 3268 2465 3365 capit
2500 3278 2649 3339 tur

465 3388 627 3437 rem
667 3368 760 3438 de
799 3367 1116 3439 Renaria
1157 3377 1234 3439 et
1269 3373 1547 3454 terram
1588 3370 1989 3475 quamdam
2028 3372 2119 3441 de
2158 3392 2356 3440 novo
2393 3378 2650 3440 contra

463 3466 1000 3562 imperatorem
1052 3466 1462 3564 firmatam,
1533 3494 1757 3565 quam
1812 3478 2043 3541 totam
2098 3472 2649 3541 destruxerunt.

464 3564 893 3659 Raynaldus
925 3570 1071 3639 dux
1100 3568 1382 3666 Spoleti
1421 3594 1594 3641 cum
1631 3569 1999 3665 imperiali
2034 3579 2265 3664 gente
2300 3568 2649 3641 dominos

463 3662 727 3763 Popliti
781 3667 855 3739 in
909 3668 1403 3767 Capitinnano
1459 3668 1784 3763 obsidet3
1840 3668 1962 3766 qui
2020 3692 2189 3741 cum
2246 3694 2331 3743 se
2384 3682 2649 3741 tenere

464 3790 613 3839 non
669 3779 1012 3864 possent
1065 3781 1373 3869 accepta
1424 3775 1514 3842 ab
1573 3792 1661 3840 eo
1714 3769 2115 3841 securitate
2150 3773 2259 3844 de
2299 3770 2648 3867 personis

465 3878 541 3939 et
576 3872 799 3942 rebus
839 3869 1023 3966 suis,
1062 3894 1148 3943 se
1185 3874 1381 3968 apud
1419 3870 1655 3942 Reate
1692 3869 2185 3943 contulerunt.
2253 3872 2463 3943 Tunc
2498 3873 2645 3942 dux

461 3968 626 4064 ipse
664 3969 1072 4042 Marchiam
1110 3970 1358 4067 intrat,
1414 3995 1502 4042 ac
1547 3970 1939 4043 Bertoldus
1979 3972 2209 4043 frater
2246 3971 2409 4044 eius
2449 3969 2644 4043 cirea

461 4068 733 4140 Nursie
769 4070 1228 4165 provinciam
1269 4079 1629 4142 remanet
1718 4069 1860 4157 Qui
1901 4082 2229 4144 castrum
2270 4073 2644 4185 quoddam

464 4169 661 4263 quod
691 4168 931 4242 Brusa
970 4170 1234 4244 dicitur
1270 4170 1408 4243 sibi
1446 4171 1725 4243 rebelle
1764 4172 2153 4268 destruxit
2194 4172 2507 4270 eiusque
2542 4171 2649 4244 in-

461 4288 510 4355 a)
551 4285 684 4359 Capi
688 4289 873 4346 tinnan
909 4308 955 4344 c.
