3050 4900
1106 459 1185 531 A.
1250 461 1459 535 1240.
1522 462 1733 535 1241.
2375 460 2517 533 145

335 669 410 731 et
447 657 660 732 bonis
700 659 1043 733 omnibus
1085 658 1521 757 spoliarunt.
1584 661 1784 758 Aput
1808 658 2312 733 Brundusium
2341 682 2523 732 eun-

333 769 452 831 tes
509 760 841 855 predicte
893 760 1139 856 galee,
1194 784 1469 833 navem
1522 764 1897 857 quandam
1950 764 2393 834 redeuntem
2431 764 2523 833 ab

334 859 876 955 lherosolimis‚
933 884 1104 933 cum
1144 885 1293 933 non
1333 872 1650 958 possent
1684 862 1757 933 vi
1796 884 2096 959 capere,
2149 861 2326 957 igne
2367 885 2524 933 cre-

335 970 656 1032 marunt.
723 961 994 1033 Milites
1035 962 1159 1056 qui
1197 972 1567 1035 steterant
1603 962 1676 1033 in
1708 962 1982 1036 Sancto
2014 962 2388 1034 Germano
2431 964 2523 1034 ad

334 1059 872 1158 imperatorem
909 1065 1190 1134 vadunt
1219 1065 1411 1159 apud
1441 1062 1905 1156 Faventiam,
1944 1086 2036 1135 ex
2076 1063 2185 1136 eis
2225 1060 2524 1159 quibus-

338 1162 567 1233 dam
549 1187 622 1232 111
664 1162 958 1260 propria
998 1162 1545 1236 recedentibus,

486 1262 752 1335 Mense
792 1262 1136 1337 Octobris
1176 1262 1451 1361 galee
1431 1288 1597 1362 ipse
1636 1262 1888 1337 multis
1945 1274 2215 1337 onuste
2267 1262 2525 1362 spoliis

339 1361 413 1433 in
453 1387 592 1435 sua
629 1364 961 1435 redeunt.

487 1461 752 1535 Mense
782 1463 1224 1537 Novembris
1256 1466 1526 1535 fratres
1560 1464 2069 1538 predicatores
2103 1476 2177 1536 et
2194 1464 2525 1537 Minores

341 1586 607 1635 omnes
646 1566 737 1635 de
776 1587 1011 1660 regno
1053 1574 1353 1659 exeunt,
1393 1564 1847 1660 imperatore
1876 1568 2311 1659 mandante,
2350 1568 2526 1638 duo-

342 1670 478 1737 bus
518 1674 807 1736 tantum
847 1664 1153 1757 relictis‚
1209 1664 1330 1760 qui
1371 1662 1518 1735 sint
1556 1666 1647 1736 de
1686 1689 1923 1760 regno
1962 1665 2212 1760 nativi7
2264 1663 2337 1735 in
2378 1665 2527 1737 sin-

339 1764 538 1935 gnus?
589 1764 1008 1862 quibusque
1059 1764 1354 1837 illorum
1408 1764 1750 1838 domibus
1806 1768 1895 1839 ad
1951 1765 2365 1839 custodiam
2407 1790 2529 1839 ea-

341 1890 480 1936 run
537 1889 680 1937 em.

492 1965 757 2038 Mense
793 1966 1232 2039 Decembris
1275 2024 1478 2037 .....
1512 1979 1538 2009 ²

1313 2172 1562 2261 1241.

495 2346 759 2418 Mense
798 2344 1117 2417 Ianuarii
1159 2370 1293 2443 per
1329 2356 1566 2418 toturn
1607 2371 1925 2443 regnum
1966 2347 2345 2443 generalis
2386 2347 2533 2420 col-

349 2445 544 2519 lecta
614 2446 952 2544 exigitur.
1057 2448 1432 2521 Iohannes
1498 2451 1590 2522 de
1655 2448 2068 2547 Columpna
2135 2448 2533 2522 cardinalis

350 2548 635 2622 discors
692 2550 934 2620 factus
989 2572 1159 2622 cum
1211 2550 1575 2646 Gregorio
1624 2574 1846 2647 papa,
1901 2550 1970 2621 in
2009 2561 2302 2649 partem
2343 2549 2535 2623 cedit

346 2649 849 2747 imperatoris,
907 2660 979 2721 et
1030 2649 1441 2745 Lagustam
1495 2651 1567 2722 in
1621 2651 1843 2747 Urbe,
1900 2662 1974 2724 et
2012 2662 2218 2724 extra
2255 2652 2533 2724 Urbem

350 2750 491 2820 alia
531 2759 775 2820 castra
818 2773 955 2821 sua
995 2748 1274 2821 firmari
1311 2751 1534 2823 iubet.

498 2848 762 2921 Mense
781 2850 1160 2921 Februarii
1190 2850 1645 2947 imperatore
1677 2853 2107 2946 mandante,
2137 2874 2273 2949 per
2300 2861 2533 2922 totam

351 2949 566 3046 regni
607 2949 1056 3021 maritimam
1096 2949 1296 3022 iuxta
1338 2975 1735 3023 numerum
1778 2952 1996 3048 galee
2028 2961 2432 3023 armantur.

501 3051 766 3124 Mense
815 3050 1059 3123 Martii
1115 3050 1388 3124 milites
1445 3062 1518 3124 et
1565 3051 1859 3151 pedites
1899 3055 1989 3124 ad
2028 3053 2419 3126 defensam
2461 3061 2538 3123 et

351 3152 770 3223 custodiam
801 3151 1172 3224 maritime
1202 3153 1472 3252 ubique
1498 3178 1639 3251 per
1665 3177 1985 3249 regnum
2023 3154 2131 3226 ire
2168 3153 2536 3226 iubentur.

501 3254 784 3324 Eodem
816 3276 1084 3325 mense
1114 3253 1332 3366 galee
1357 3253 1687 3352 predicte
1711 3278 1977 3327 versus
2001 3255 2211 3327 Pisas
2233 3257 2537 3326 vadunt.

503 3350 768 3424 Mense
797 3352 1068 3450 Aprilis
1110 3353 1371 3426 civitas
1410 3354 1973 3450 Beneventana7
2014 3379 2159 3452 que
2196 3355 2537 3426 Romane

354 3451 676 3524 ecclesie
706 3457 1035 3548 suberat
1074 3464 1356 3527 arctata
1391 3466 1464 3527 et
1494 3455 1948 3528 necessitate
1988 3453 2423 3554 compulsa
2405 3478 2539 3526 lm-

353 3552 680 3650 peratori
740 3576 822 3625 se
879 3554 1155 3652 reddit3
1225 3555 1435 3628 cuius
1488 3556 1737 3628 menia
1796 3556 2273 3655 imperatoris
2324 3556 2539 3627 iussu

355 3653 684 3726 funditus
742 3664 1202 3752 evertuntur,
1259 3667 1333 3729 et
1386 3667 1633 3729 turres
1684 3656 2002 3729 civitatis
2042 3656 2381 3729 eiusdem
2421 3678 2540 3726 us-

357 3778 504 3851 que
542 3757 630 3826 ad
672 3755 1053 3827 solarium.
1118 3757 1345 3829 Arma
1382 3757 1772 3830 hominum
1815 3756 2132 3829 civitatis
2170 3755 2409 3854 ipsius
2448 3756 2540 3827 ad

357 3879 547 3952 opus
579 3855 1042 3953 recipiuntur
1077 3857 1575 3954 imperatoris.

503 3957 787 4030 Eodem
845 3980 1113 4029 mense
1163 3958 1514 4030 Faventia
1568 3981 1707 4055 per
1762 3981 2043 4028 annum
2096 3960 2413 4030 obsessa
2470 3965 2545 4027 et

359 4067 645 4130 arctata
696 4061 788 4129 ab
839 4057 1330 4155 imperatore,
1383 4058 1589 4132 venit
1643 4059 1733 4130 ad
1790 4060 2221 4131 mandatum
2277 4056 2542 4154 ipsiuS‚

357 4229 407 4297 a)
446 4233 590 4284 locus
626 4235 797 4286 text-ui
821 4237 944 4300 post
969 4233 1272 4300 recipiendo
1301 4246 1498 4286 vacuus
1525 4247 1557 4284 v
1560 4233 1759 4286 elictus.
1820 4229 1997 4284 Annus
2023 4233 2299 4298 proximus
2328 4233 2383 4284 in
2410 4246 2545 4299 pro-

356 4305 502 4356 oeima
535 4309 730 4372 payina
767 4307 988 4358 orditur.
