3050 4900
515 453 610 523 56
917 445 1483 523 RYCCARDUS
1539 445 1663 523 DE
1718 451 1789 524 S.
1847 450 2307 524 GERMANO

665 650 1038 722 Honorius
1096 673 1292 748 papa
1362 651 1557 723 Urbe
1616 649 1875 724 exiens
1929 662 2238 748 propte1
2294 651 2704 725 seditiones

520 761 594 824 et
631 751 822 824 bella
863 774 1008 848 que
1047 750 1118 821 in
1162 775 1250 822 ea
1289 749 1474 822 fiunt
1513 754 1652 823 sub
1690 751 2033 824 Parentio
2074 762 2464 867 senatore,
2510 757 2708 852 apud

516 853 764 947 Tybur
791 876 874 925 se
898 851 1241 949 contulit,
1271 855 1361 924 ad
1387 876 1611 949 quem
1632 876 1765 950 pro
1788 853 2139 926 dilatione
2156 877 2495 951 passagii
2525 855 2710 967 opti-

517 956 763 1025 nenda
801 907 1256 1050 imperator&
1297 953 1522 1024 mittit
1556 977 1819 1049 regem
1850 953 2267 1052 predictum
2300 966 2373 1027 et
2400 956 2711 1053 patiiar—

517 1055 772 1150 cham3
828 1054 952 1150 qui
1001 1065 1258 1126 tamen
1307 1057 1500 1152 apud
1554 1055 1789 1127 Reate
1818 1079 2197 1153 accepere
2235 1079 2709 1154 responsum.

667 1156 963 1228 Interea
1016 1156 1428 1252 imperator
1479 1180 1747 1228 omnes
1812 1156 2029 1252 regni
2085 1157 2415 1254 prelatos
2472 1159 2562 1228 ad
2626 1181 2710 1230 se

515 1257 590 1329 in
631 1255 978 1354 Apuliam
1031 1266 1276 1350 vocat,
1332 1267 1408 1328 et
1445 1280 1577 1328 eos
1618 1281 2074 1354 quamquam
2115 1257 2387 1330 invitos
2423 1258 2707 1330 tamdiu

519 1381 782 1430 secum
840 1357 1175 1452 detinuit,
1229 1360 1469 1431 donec
1525 1381 1661 1472 per
1710 1359 1917 1456 ipsos
1970 1382 2233 1455 regem
2288 1368 2362 1430 et
2400 1358 2708 1456 patriar-

521 1460 741 1530 cham
783 1457 919 1530 sibi
959 1483 1092 1556 pro
1132 1468 1334 1530 certo
1375 1459 1717 1555 innotuit,
1757 1463 1948 1556 quod
1991 1483 2033 1530 a
2072 1484 2268 1557 papa
2298 1459 2709 1554 benignum

521 1571 970 1673 receperant
1040 1584 1494 1657 responsum
1568 1583 1800 1658 super
1860 1561 2002 1633 hiis
2064 1563 2153 1632 ad
2213 1585 2357 1657 que
2413 1560 2713 1632 fuerant

519 1660 767 1756 missi3
824 1660 1088 1757 quibus
1128 1664 1215 1732 ad
1259 1685 1600 1733 cesarem
1653 1662 2164 1755 redeuntibus,
2218 1664 2308 1733 ad
2348 1661 2710 1734 Sanctum

523 1762 983 1834 Germanum
1023 1763 1139 1835 22.
1177 1762 1335 1833 Iulii
1391 1785 1563 1833 cum
1618 1761 1726 1833 eis
1782 1786 1866 1834 se
1920 1763 2229 1834 contulit
2277 1763 2710 1860 imperator,

523 1863 768 1959 ibique
821 1865 908 1934 ad
958 1887 1130 1934 eum
1173 1862 1384 1934 missi
1426 1887 1466 1934 a
1505 1887 1698 1960 papa
1739 1866 1883 1935 duo
1924 1864 2231 1936 veniunt
2270 1863 2712 1958 cardinaleS,

519 1962 870 2059 'Pelagius
911 1963 1198 2035 scilicet
1223 1964 1671 2036 Albanensis
1712 1964 2114 2063 episcopus
2152 1975 2226 2036 et
2254 1964 2491 2037 Gualo
2524 1964 2711 2037 tituli

522 2064 774 2137 Sancti
814 2064 1107 2136 Martini
1147 2069 1543 2163 presbyter
1580 2065 1998 2139 cardinalis.
2094 2067 2184 2138 Et
2218 2076 2395 2137 tunc
2432 2065 2506 2136 in
2544 2066 2709 2163 ipsa

523 2165 842 2238 ecclesia
895 2165 1148 2238 Sancti
1205 2164 1563 2239 Germani
1614 2165 1854 2238 dictus
1918 2167 2327 2264 imperator
2388 2166 2714 2264 capitula

523 2268 668 2339 hec
723 2290 1031 2339 servare
1083 2267 1388 2362 iuravit,
1455 2267 1837 2339 videlicet:
1909 2271 2100 2366 quod
2150 2267 2323 2355 hinc
2376 2269 2467 2338 ad
2524 2269 2709 2340 duos

524 2391 763 2438 annos
803 2367 875 2438 in
913 2369 1251 2464 Augusto
1293 2368 1781 2466 complendos
1823 2369 2322 2465 personaliter
2356 2368 2713 2440 transfre-

521 2471 702 2542 tabit
750 2468 820 2539 in
875 2469 1286 2541 subsidium
1325 2480 1524 2541 terre
1564 2481 1853 2561 sancte,
1907 2471 2151 2568 ibique
2188 2472 2473 2543 tenebit
2508 2470 2714 2542 mille

525 2570 800 2641 milites
853 2593 990 2666 per
1042 2570 1422 2653 biennium
1478 2573 1568 2643 ad
1624 2570 2007 2644 servitium
2064 2596 2311 2665 suum,
2369 2582 2442 2643 et
2496 2573 2717 2643 ducet

526 2694 788 2743 secum
823 2680 1124 2743 centum
1158 2671 1634 2767 chelandrOS,
1666 2682 1739 2743 et
1758 2672 2155 2745 tenebitibi
2179 2672 2714 2769 quinquaginta

527 2772 788 2868 galeas
829 2776 1022 2844 bene
1062 2783 1413 2845 armatas.
1479 2772 1787 2846 Interim
1828 2774 2025 2845 dabit
2061 2772 2499 2870 passagium
2536 2775 2712 2844 duo-

527 2878 664 2947 bus
706 2873 1030 2947 millibus
1070 2874 1382 2946 militum
1426 2885 1499 2945 et
1539 2874 1839 2946 familiis
1880 2876 2314 2945 eorumdem
2370 2876 2440 2943 in
2478 2873 2711 2945 tribus

527 2974 941 3072 passagiis,
998 2986 1071 3046 et
1124 3000 1257 3071 pro
1315 2975 1549 3046 milite
1600 2974 1833 3047 tribus
1892 2974 2128 3072 equis.
2236 2975 2392 3045 Hec
2444 2984 2519 3045 et
2572 2974 2713 3045 alia

529 3074 851 3172 capitula
892 3076 961 3146 in
1005 3076 1165 3146 eius
1202 3075 1583 3172 presentia
1623 3076 1844 3167 lecta,
1898 3074 2374 3172 presentibus
2422 3074 2715 3172 quibus-

529 3178 698 3247 dam
733 3175 1174 3247 Alamannie
1206 3174 1689 3273 principibus,
1729 3175 2103 3247 nonnullis
2144 3176 2367 3247 etiam
2407 3175 2715 3271 prelatis

531 3286 607 3347 et
657 3276 869 3371 regni
930 3275 1338 3370 nobilibus,
1411 3276 1755 3374 promisit
1816 3276 2223 3374 imperator
2285 3298 2371 3347 se
2423 3275 2715 3372 publice

523 3387 1004 3449 servaturum
1061 3377 1853 3450 excommunicatione·
1891 3378 2176 3449 adiecta
2224 3378 2294 3446 in
2338 3399 2422 3447 se
2464 3386 2537 3446 et
2572 3386 2717 3447 ter-

529 3497 689 3548 ram
749 3498 1006 3574 suam,
1070 3477 1132 3551 si
1187 3479 1331 3550 hoc
1385 3503 1533 3550 non
1588 3479 1809 3551 fuerit
1860 3481 2381 3567 observatum,
2448 3488 2523 3548 et
2576 3478 2718 3548 hoc

530 3580 778 3677 ipsum
802 3579 1278 3673 Raynaldus·”
1307 3580 1546 3652 dictus
1581 3582 1725 3651 dux
1755 3578 2036 3675 Spoleti
2070 3578 2336 3650 iuravit
2365 3578 2435 3649 in
2470 3576 2717 3649 anima

317 3698 512 3755 1u125
535 3704 693 3753 sua.
757 3680 1022 3752 Actum
1080 3682 1409 3779 predicto
1461 3704 1728 3752 mense
1779 3679 1940 3753 Iulii
1990 3680 2061 3749 in
2104 3679 2297 3751 festo
2339 3677 2575 3751 sancti
2613 3678 2727 3749 Ia·'

535 3782 719 3853 cobi.
799 3783 890 3854 Et
924 3792 1099 3854 tunc
1139 3805 1274 3878 per
1313 3781 1787 3853 cardinales
1771 3805 1978 3877 ipsos
2019 3780 2167 3851 iam
2206 3780 2446 3853 dictus
2486 3779 2721 3876 impe-

535 3893 738 3954 rator
784 3906 826 3953 a
878 3882 1326 3977 iuramento,
1383 3883 1577 3979 quod
1624 3884 1815 3981 apud
1868 3882 2183 3954 Veiulas
2237 3882 2548 3975 fecerat,
2602 3882 2724 3951 de·

533 3983 916 4055 nuntiatus
959 3992 1074 4054 est
1111 3982 1519 4055 absolutus.
1621 3985 1711 4055 Et
1750 4008 1838 4055 eo
1881 3982 2281 4055 celer'iter
2263 4007 2335 4052 m
2374 3980 2723 4077 Apuliam

530 4085 978 4179 recedente,
1053 4084 1469 4157 cardinales
1537 4082 1679 4181 ipsi
1743 4085 1975 4156 Reate
2040 4108 2123 4155 se
2190 4086 2281 4155 ad
2338 4103 2720 4154 summum

530 4182 963 4281 pontificem
1005 4184 1496 4257 contulerunt.

531 4307 576 4376 a)
617 4310 850 4363 secunda
887 4323 1046 4362 'nanu
1083 4324 1129 4361 c.
1280 4306 1332 4378 b)
1371 4306 1488 4377 Ray
1527 4324 1571 4360 c.
