3050 4900
1279 423 1822 500 PRAEFA'rlo.
2316 526 2327 536 Ι
2532 429 2641 489 vn

660 623 898 694 Codex
931 649 1154 696 manu
1181 627 1542 720 Ryccardi
1576 631 2021 722 conscriptus
2048 631 2637 702 membranaceus

453 724 524 792 in
559 723 738 806 folio
775 727 872 796 48
897 725 1262 820 foliorum,
1301 751 1595 798 numero
1625 732 1774 804 450
1799 732 2127 824 siynatus
2162 733 2232 800 in
2269 729 2635 802 tabulario

454 824 823 894 Casinensi
876 825 1332 921 adservatur,
1383 829 1504 900 ubi
1554 853 1713 900 eum
1762 854 1999 904 mense
2033 831 2192 902 Iulii
2228 831 2401 902 anni
2443 831 2633 904 1822

451 945 598 1020 qua
643 923 1006 1018 diliyentia
1054 929 1209 1014 fieri
1250 932 1482 1022 potuit
1525 954 1685 1000 cum
1735 929 2038 1002 editione
2074 931 2459 1002 Muratorii
2494 931 2635 1002 col-

450 1027 674 1097 latum
712 1024 824 1096 die
868 1029 976 1098 18.
1013 1026 1174 1100 Iulii
1208 1028 1543 1101 absolviss.
1610 1031 2035 1102 Membrana
2059 1034 2332 1124 passim
2359 1031 2631 1123 lacera,

449 1129 812 1220 scriptura
859 1128 1131 1199 saeculi
1181 1129 1368 1201 XIII.
1423 1132 1727 1204 ineuntis
1780 1139 1848 1202 et
1895 1133 2127 1223 medii,
2185 1134 2302 1224 32,
2360 1133 2479 1223 33,
2536 1135 2629 1206 36

447 1251 578 1320 per
627 1229 976 1322 paqinam
1025 1229 1377 1302 linearum
1397 1257 1427 1322 5
1479 1231 1713 1304 littera
1764 1233 2277 1304 vocabulorum
2314 1231 2627 1324 initialis,

449 1331 728 1398 numeri
761 1336 827 1401 et
860 1329 1306 1403 substantiva
1342 1355 1560 1424 saepe
1598 1335 1814 1404 rubro
1852 1333 2092 1404 colore
2118 1339 2394 1424 notata,
2431 1333 2627 1404 initio

447 1434 684 1500 erecta
737 1436 805 1500 et
855 1429 1222 1525 distincta,
1284 1432 1636 1526 paulatim
1685 1432 1879 1517 foliis
1915 1434 2211 1507 21-32
2266 1440 2334 1503 et
2380 1455 2626 1505 versus

447 1532 703 1601 excitum
741 1531 903 1602 libri
935 1533 1005 1603 in
1043 1536 1403 1604 cursivam
1443 1537 1676 1626 maqis
1712 1535 1975 1604 transit
1986 1560 2012 1624 ,-
2068 1533 2317 1604 ultima
2350 1534 2625 1627 paqina

443 1630 624 1702 lectu
663 1631 1039 1720 difficilior.
1103 1631 1372 1704 Auctor
1407 1640 1803 1704 retractato
1840 1639 2032 1703 textu
2068 1633 2424 1728 quaedam
2464 1656 2621 1704 cor-

447 1735 628 1803 rexit
677 1733 1058 1825 addiditve‚
1112 1736 1184 1804 in
1237 1736 1563 1828 marqine
1614 1739 2040 1828 arqumenta
2094 1741 2161 1804 et
2210 1757 2389 1828 quos
2424 1734 2621 1817 infra

445 1835 752 1926 reperies
803 1857 1050 1906 versus
1092 1836 1394 1927 scripsit.
1495 1834 1697 1906 Mala
1750 1841 1989 1904 tamen
2037 1836 2335 1917 fortuna
2375 1835 2619 1923 evenit,

442 1932 637 2025 quod
667 1935 1178 2026 posterioribus
1214 1935 1518 2006 saeculis
1554 1935 1850 2006 lectores
1900 1934 2010 2005 vel
2042 1935 2321 2006 scribae
2358 1939 2619 2004 textum

440 2031 643 2104 haud
672 2037 926 2126 paucis
960 2037 1032 2105 in
1068 2035 1244 2106 locis
1277 2039 1465 2119 t‘orte
1501 2035 1879 2106 evanidum
1920 2041 2329 2106 atramento
2362 2036 2624 2106 recenti

439 2133 706 2204 illinere
765 2137 1046 2226 conati,
1118 2135 1483 2208 lectionem
1549 2135 1841 2207 dubiam
1906 2134 2407 2224 reddiderunt3
2482 2157 2619 2228 quo

437 2236 710 2318 factum
763 2240 902 2327 est,
968 2242 1047 2307 ut
1096 2237 1184 2306 iis
1232 2237 1304 2306 in
1357 2235 1532 2306 locis
1582 2241 1812 2306 textus
1858 2237 2180 2327 priorum
2235 2233 2617 2306 editionum

437 2336 672 2406 mixtis
709 2335 1074 2407 vocabulis
1113 2338 1449 2431 antiquae
1485 2341 1555 2404 et
1586 2335 1979 2407 modernae
2002 2337 2406 2428 scripturae
2432 2359 2618 2407 com-

427 2437 710 2529 positus
756 2438 880 2529 sit,
950 2461 1136 2531 quas
1183 2443 1527 2531 quantum
1577 2437 1730 2523 fieri
1772 2438 2010 2531 potuit
2071 2437 2501 2532 distinquere
2553 2443 2617 2507 et

435 2543 698 2607 tecctum
737 2537 1213 2610 authenticum
1252 2540 1617 2610 restituere
1654 2544 1960 2608 conatus
1994 2562 2174 2610 sum.

586 2636 1021 2730 Compendia
1059 2640 1460 2731 scripturae
1491 2640 1875 2731 praecipue
1912 2641 1981 2709 in
2020 2638 2419 2710 nominibus
2440 2660 2611 2730 pro-

426 2739 605 2832 priis
643 2736 964 2809 adhibita
999 2744 1185 2829 sunt,
1241 2737 1651 2832 diphthonqi
1686 2762 2073 2832 nunquam.

586 2839 837 2909 Textus
874 2840 1180 2910 saeculis
1218 2838 1417 2909 XVII
1445 2846 1510 2909 et
1547 2838 1786 2909 XVIII
1813 2840 2329 2927 transscriptus
2345 2836 2395 2927 ⁷,
2437 2860 2609 2929 qum

429 2937 562 3009 lem
592 2938 934 3009 Panormi
963 2940 1230 3011 Romae
1267 2946 1331 3011 et
1364 2938 1828 3011 Mediomonti
1863 2940 1931 3009 in
1970 2937 2327 3009 codicibus
2364 2937 2607 3008 biblio-

425 3038 790 3110 thecarum
841 3042 1237 3133 principum
1293 3039 1627 3132 waliae,
1702 3045 1770 3109 et
1812 3038 2199 3109 Barberini
2244 3037 2327 3108 Ν.
2394 3039 2606 3128 1235,

428 3145 640 3233 atque
687 3140 957 3212 domini
1014 3140 1316 3212 rhomae
1351 3139 1690 3233 Phillipps
1738 3140 2085 3228 baroneti,
2140 3138 2385 3229 evolvi,
2439 3162 2604 3208 enu-

424 3239 772 3311 cleandae
833 3240 1112 3312 lectioni
1174 3244 1513 3334 antiquae
1574 3240 1746 3311 nihil
1812 3242 2131 3325 confert3
2209 3238 2607 3310 cuiusmodi

423 3341 758 3434 exemplis
819 3342 1211 3413 innituntur
1271 3341 1609 3411 editiones
1662 3344 1948 3434 priores
2007 3346 2298 3435 praeter
2358 3363 2600 3410 unam.

417 3440 603 3512 Sunt
633 3448 868 3513 autem
904 3440 1082 3512 hae:

417 3582 476 3656 6)
544 3600 600 3640 v.
665 3582 924 3643 annales
995 3590 1242 3643 nostros
1311 3580 1537 3641 Archiv
1605 3591 1721 3642 etc.
1780 3582 1846 3644 T.
1914 3581 1987 3655 V,
2061 3582 2154 3645 13.
2226 3584 2434 3645 179-
2457 3582 2593 3644 181.

417 3664 476 3743 7)
535 3665 621 3723 Ea
681 3665 760 3725 de
815 3684 900 3738 re,
957 3665 1205 3726 Gattula
1251 3685 1387 3747 pag.
1432 3667 1557 3728 &18
1602 3674 1927 3736 monente,
1986 3666 2259 3745 Angelus
2304 3665 2383 3724 de
2426 3665 2594 3724 Nuce

417 3750 611 3809 abbas
645 3746 1002 3811 Casinensis
1033 3770 1107 3809 ac
1139 3758 1356 3829 postea
1391 3749 1904 3828 archiepiscopus
1938 3748 2347 3808 Rossanensis
2380 3748 2439 3807 in
2474 3747 2594 3807 fine

417 3831 614 3891 ultimi
650 3831 782 3891 folii
818 3832 1050 3893 codicis
1084 3834 1240 3893 haec
1269 3834 1625 3893 adnotavit:
1670 3833 1948 3892 Monemli
1976 3838 2114 3891 sunt
2143 3833 2407 3890 lectores
2444 3871 2465 3894 1
2492 3880 2507 3894 .
2534 3879 2548 3894 .
2576 3880 2591 3893 .

419 3914 669 3993 (nomen
705 3935 738 3975 a
766 3915 1014 3976 Gallula
1050 3916 1371 3999 omissum)
1410 3918 1741 3978 Calabrum
1765 3915 2366 3993 archipresbyterum
2390 3919 2595 3977 (Ia-stri

414 4000 552 4058 novi
583 4000 884 4059 dioecesis
912 4001 1068 4060 hunc
1099 4002 1367 4062 codicem
1399 4020 1520 4061 non
1550 4004 1739 4062 semel
1764 4000 2191 4075 exscribendo,
2234 4017 2355 4062 non
2381 4021 2593 4079 pauca

409 4102 528 4159 per
557 4090 796 4159 turpem
828 4086 1302 4145 assentationem
1336 4094 1394 4145 et
1421 4086 1711 4163 fraudem
1738 4094 1968 4145 temere
1996 4084 2266 4160 vitiasse,
2311 4106 2470 4165 quae
2514 4108 2593 4147 ex

411 4165 528 4225 hoc
574 4168 959 4309 aytoqrapho
1003 4170 1390 4247 corriqenda.
1469 4170 1599 4230 Nec
1642 4172 1875 4230 mendis
1917 4178 2101 4231 vacat
2145 4172 2330 4233 editio
2368 4172 2596 4251 Uqbelli

407 4250 468 4308 in
510 4251 608 4311 Ita
631 4251 694 4309 ia
740 4251 965 4312 Sacra.
