3050 4900
1297 464 1379 535 A.
1442 463 1654 538 1223.
2480 467 2575 540 53

544 663 809 740 Mense
849 660 1087 737 Martii
1126 663 1198 734 in
1237 663 1434 736 festo
1473 663 1718 736 sancti
1754 663 2137 738 Benedicti
2176 666 2421 739 celum
2475 678 2582 739 to-

391 777 549 840 tum
591 767 836 840 visum
878 776 998 838 est
1034 765 1369 862 igneum..
1409 774 1482 836 et
1519 765 1706 862 pluit
1743 789 1833 836 eo
1871 765 1989 837 die
2027 776 2225 838 terra
2264 778 2340 839 et
2371 767 2580 840 cinis,

543 869 622 940 ln
674 867 932 940 Gaieta
976 866 1312 963 Neapoly
1347 867 1635 938 Aversa
1674 876 1749 937 et
1783 867 1838 937 F
1840 866 2007 963 ogia
2048 866 2257 940 iussu
2298 868 2582 942 cesaris

393 969 704 1042 castella
763 966 1173 1040 firmantur.
1281 965 1549 1040 Sernie
1604 966 1852 1039 menia
1906 967 2317 1065 diruuntur,
2372 970 2581 1042 cuius

395 1071 716 1142 civitatis
769 1069 930 1140 fere
981 1067 1348 1160 medietas
1403 1067 1581 1164 igne
1636 1068 2133 1165 comburitur,
2188 1070 2584 1142 castellum

393 1169 857 1268 Carpenonis
915 1179 989 1242 et
1043 1168 1187 1240 alia
1239 1193 1463 1265 quam
1521 1168 1735 1266 plura
1786 1171 1878 1241 de
1929 1193 2124 1242 novo
2181 1181 2427 1244 castra
2467 1171 2585 1243 fir-

395 1283 595 1345 mata
649 1272 721 1342 in
772 1269 1127 1342 comitatu
1164 1267 1432 1341 Molisii
1489 1279 1563 1341 et
1611 1293 1751 1366 per
1783 1269 1948 1342 loca
1988 1270 2129 1344 alia
2169 1275 2585 1344 secundum

396 1383 672 1446 statuta
735 1370 1152 1468 imperialia
1213 1372 1492 1442 dudum
1551 1370 1803 1468 Capue
1868 1370 2063 1445 edita
2129 1382 2584 1446 evertuntur.

395 1476 540 1548 Pro
592 1471 990 1570 implendis
1045 1471 1345 1544 statutis
1399 1471 1587 1569 ipsis
1651 1471 1951 1568 quidam
2010 1473 2431 1571 Roggerius
2495 1477 2585 1546 de

398 1574 1033 1650 Pesclolanzano·
1074 1581 1430 1644 executor
1467 1576 1558 1644 ab
1598 1571 2052 1670 imperatore
2090 1573 2448 1671 dirigitur.

546 1675 966 1772 Imperator
1020 1674 1090 1745 in
1148 1672 1394 1745 Sicilia
1452 1672 1917 1746 Sarracenos
1973 1684 2212 1747 arctat
2263 1685 2337 1748 et
2391 1675 2586 1748 obsi-

398 1780 549 1872 det
589 1798 903 1888 quorum
947 1784 1236 1872 partem
1280 1797 1427 1846 non
1471 1773 1839 1848 modicam
1880 1774 2015 1846 sibi
2047 1775 2461 1849 subiectam
2492 1779 2586 1848 ad

395 1889 652 1976 partes
693 1875 912 1948 mittit
938 1875 1203 1972 Apulie
1241 1884 1702 1948 moraturam
1740 1885 1919 1973 aput
1955 1875 2422 1973 Luceriam⁹‚
2475 1900 2588 1949 re-

397 1977 616 2076 liquis
653 2001 736 2050 se
767 1977 841 2049 in
871 1976 1249 2049 montanis
1279 1975 1709 2049 tenentibus
1739 1987 1998 2048 contra
2028 2002 2222 2050 eum.
2279 1978 2591 2074 Propter

400 2080 594 2177 quod
647 2076 1102 2173 Roggerium
1168 2077 1259 2148 de
1310 2075 1609 2172 Aquila,
1680 2075 2049 2148 Thomam
2103 2081 2194 2150 de
2251 2080 2589 2191 Caserta7

399 2180 752 2251 Iacobum
803 2177 896 2248 de
947 2176 1223 2249 Sancto
1272 2175 1664 2270 severina,
1719 2176 2063 2250 etlilium
2102 2179 2397 2251 comitis
2434 2179 2588 2250 'Iri-

400 2276 838 2373 caricensis,
891 2276 1105 2373 regni
1157 2276 1500 2372 comites,
1554 2287 1772 2349 vocat
1808 2281 1897 2350 ad
1938 2279 2328 2351 servitium
2368 2303 2590 2352 suum

398 2381 472 2453 in
515 2377 784 2454 Sicilia.
876 2376 1075 2466 Qui
1058 2402 1128 2449 m
1172 2377 1528 2451 comitatu
1570 2387 1645 2451 et
1679 2402 1909 2453 manu
1949 2379 2152 2453 brevi
2194 2391 2461 2454 euntes
2500 2383 2588 2453 ad

399 2482 680 2580 ipsum,
734 2479 898 2577 capi
956 2503 1089 2552 eos
1129 2491 1205 2552 et
1238 2479 1477 2552 teneri
1516 2480 1881 2594 precepit
1936 2492 2013 2555 et
2048 2505 2310 2554 eorum
2349 2494 2589 2555 telras

399 2606 538 2681 per
571 2580 977 2653 Henricum
1015 2584 1106 2653 de
1143 2582 1434 2653 Μοιϊᾶο
1485 2581 1929 2678 magistrum
1967 2582 2439 2655 iustitiarium
2478 2608 2591 2657 re-

405 2683 546 2781 cipi
585 2684 676 2753 ad
717 2705 908 2779 opus
949 2706 1190 2753 suum.

555 2782 1082 2880 Inquisitiones
1117 2780 1350 2853 fiunt
1330 2805 1402 2853 m
1436 2806 1673 2877 regno
1704 2781 1915 2855 iussu
1944 2782 2421 2881 imperatoris
2454 2787 2593 2858 sub

404 2885 724 2997 prestito·
765 2882 1214 2979 iuramento,
1269 2893 1348 2954 ut
1405 2881 1645 2954 dicat‘¹
1703 2882 1874 2978 quid
1932 2907 2067 2979 pio
2122 2884 2462 2997 decimis,
2518 2895 2593 2956 et

379 2983 549 3079 cui,
605 2983 775 3081 quid
831 3008 965 3081 pro
1021 2982 1368 3056 conredis
1391 2980 1452 3029 2⁴
1504 2982 2043 3080 imperialibus,
2094 2995 2168 3057 et
2222 2985 2365 3081 cui,
2419 2985 2591 3082 quid

403 3109 538 3183 pro
603 3085 800 3157 facto
862 3083 1124 3157 Boiani
1185 3108 1405 3157 rocce
1464 3082 1914 3181 Magenulfi‚
1978 3110 2123 3183 que
2187 3086 2331 3159 hoc
2395 3110 2591 3159 anno

406 3208 673 3258 eversa
715 3195 858 3281 est.
914 3196 989 3258 et
1023 3209 1158 3283 pro
1199 3187 1524 3260 Cesarea
1566 3186 1918 3257 dedisset.

557 3287 715 3359 Hoc
762 3310 960 3358 anno
1015 3285 1399 3359 Danorum
1455 3296 1529 3358 et
1566 3285 1903 3358 Norweie
1941 3309 2197 3383 reges,
2251 3297 2465 3384 pater
2518 3298 2593 3359 et

401 3386 626 3482 filius,
681 3411 722 3458 a
762 3390 1127 3485 quodam⁶
1179 3387 1512 3485 principe
1548 3386 1992 3459 Alamannie
2032 3388 2225 3486 capti
2264 3400 2461 3482 sunt,
2518 3400 2593 3460 et

405 3488 728 3560 Henrico
766 3487 928 3584 regi
965 3487 1114 3559 filio
1152 3487 1629 3601 imperatoris
1666 3486 1931 3559 traditi.

552 3588 969 3687 Imperator
1017 3589 1453 3661 comitatum
1511 3587 1781 3661 Molisii
1841 3588 1913 3659 in
1978 3588 2411 3663 demanium
2476 3613 2591 3661 1·-e

403 3699 651 3783 vocat,
687 3713 822 3787 pro
861 3714 951 3762 eo
991 3694 1183 3787 quod
1224 3714 1478 3763 comes
1510 3689 1779 3761 Molisii
1809 3699 2119 3761 vocatus
2150 3694 2239 3762 ab
2268 3690 2591 3762 Henrico

405 3792 498 3861 de
536 3791 783 3863 Morra
836 3790 1200 3887 magistro
1254 3790 1674 3882 iustitiari0.,
1730 3790 1986 3863 venire
2042 3813 2294 3862 coram
2336 3813 2425 3861 eo
2468 3814 2593 3862 no-

406 3891 542 3964 luit
580 3894 668 3963 ad
709 3893 1065 3964 iustitiam
1105 3891 1546 3965 faciendam.
1612 3891 1796 3963 Item
1828 3915 1959 3988 pro
1992 3889 2380 3988 stipendiis
2414 3890 2598 3963 mili-

407 4088 456 4159 a)
499 4084 878 4141 Pesclolanzafi
916 4103 962 4141 c.
1113 4088 1165 4158 b)
1206 4106 1255 4142 a.
1297 4087 1357 4142 L.
1395 4092 1633 4145 secunda
1668 4103 1845 4143 inante.
2008 4086 2055 4157 c)
2094 4084 2247 4143 Mori·
2283 4105 2329 4143 c.
2368 4093 2597 4158 saepius.

409 4163 462 4227 d)
501 4160 730 4231 quilibet
767 4162 971 4216 addunt
1010 4158 1057 4214 1.
1096 4161 1152 4215 2.
1193 4162 1256 4225 3;
1297 4164 1445 4217 deest
1481 4168 1538 4217 in
1576 4179 1623 4216 c.
1774 4162 1823 4229 e)
1863 4160 2121 4216 Mur-ator.
2160 4162 2449 4233 quondam.

407 4306 511 4386 24)
561 4308 908 4400 coni-edum
957 4315 1050 4367 est
1097 4311 1478 4387 procuratiO,
1526 4316 1762 4387 pastuS.
