3050 4900
1116 480 1194 551 A.
1260 481 1470 554 1238.
1534 481 1745 554 1239.
2387 484 2527 555 137

339 685 436 755 de
472 681 770 754 Babuco
826 678 1274 752 electionem
1330 679 1581 751 fratris
1632 678 1993 777 Stephani
2051 679 2124 751 in
2181 681 2527 753 abbatem

345 782 840 856 Casinensem
890 790 1422 878 representant
1473 783 1747 851 domno
1788 780 2152 877 Gregorio
2210 803 2403 878 pape
2457 780 2530 851 in

339 883 559 957 Urbe.
630 882 1069 979 Imperiales
1112 880 1282 954 novi
1322 884 1692 954 cuduntur
1726 880 2148 953 Brundusii.

491 984 755 1055 Mense
794 981 1170 1054 Februarii
1209 981 1619 1078 Gregorius
1665 1006 1861 1079 papa
1902 981 2348 1053 electionem
2388 982 2533 1055 fra*

339 1082 475 1155 tris
512 1082 873 1180 Stephani
916 1081 1336 1178 confirmat,
1393 1104 1716 1178 eumque
1756 1106 1893 1180 per
1928 1106 2199 1154 manus
2240 1081 2533 1154 Ostien-

343 1183 450 1256 sis
505 1183 840 1282 episcopi
896 1184 1073 1255 facit
1117 1181 1188 1254 in
1247 1185 1719 1255 sacerdotem
1759 1182 2185 1280 promoveri
2224 1184 2295 1254 in
2336 1183 2532 1255 festo

343 1286 584 1357 sancti
631 1283 975 1381 Barbati,
1049 1293 1123 1355 et
1177 1282 1294 1355 die
1345 1283 1581 1355 altera
1619 1284 2157 1356 benedictionis
2199 1283 2337 1356 sibi
2376 1308 2535 1355 mu·-

343 1409 487 1457 nus
525 1384 877 1482 impendi.
983 1383 1126 1470 Qui
1179 1383 1252 1455 in
1293 1383 1690 1456 Casinensi
1726 1385 2187 1457 monasterio
2224 1386 2297 1455 in
2338 1385 2531 1456 festo

343 1485 539 1559 beati
580 1485 888 1556 Matthie
927 1482 1340 1556 honorifice
1379 1496 1732 1580 receptus
1790 1495 1907 1556 est
1960 1495 2034 1556 et
2087 1510 2255 1557 cum
2295 1484 2530 1581 gloria

346 1586 850 1657 cathedratus.

495 1684 756 1757 Mense
774 1683 1016 1756 Martii
1044 1683 1244 1756 idem
1275 1686 1504 1755 abbas
1538 1686 1630 1755 ad
1659 1683 2191 1781 imperatorem
2215 1684 2289 1755 in
2313 1686 2532 1757 Lom-

343 1784 678 1857 bardiam
717 1783 940 1879 vadit,
996 1808 1037 1856 a
1078 1808 1223 1897 quo
1263 1784 1588 1897 benigne
1627 1785 1809 1857 satis
1851 1796 2200 1883 receptus
2259 1796 2402 1880 est
2459 1794 2536 1857 et

342 1884 616 1959 ibidem
653 1882 1030 1958 fidelitatis
1071 1884 1207 1958 sibi
1248 1909 1335 1981 pl
1340 1885 1573 1957 estitit
1612 1898 2196 1958 sacramentum.
2299 1887 2393 1960 Et
2442 1910 2531 1958 eo

342 2010 612 2059 mense
674 1985 872 2058 idem
937 1990 1166 2059 abbas
1232 1984 1667 2082 priusquam
1738 2010 1801 2057 11
1807 1998 1920 2081 et
1993 1988 2529 2059 vicedecanum

341 2086 658 2158 instituit
727 2087 1038 2157 fratrem
1100 2086 1567 2178 Ryccardum
1630 2088 1722 2156 de
1787 2085 2097 2181 Septem
2159 2086 2531 2160 fratribus,

346 2187 626 2258 Eodem
679 2209 949 2258 mense
1004 2185 1076 2257 in
1128 2185 1245 2257 die
1304 2196 1567 2257 sancto
1622 2184 1819 2257 lovis
1878 2186 2287 2282 Gregorius
2339 2205 2712 2285 papaMart.

343 2287 878 2384 imperatorem
903 2284 1209 2399 publice
1214 2285 1853 2381 excommunicat3
1885 2286 2001 2359 cui
2028 2287 2533 2359 excommuni
2586 2280 2678 2333 24.

349 2387 620 2460 cationi
671 2397 1055 2486 tamquam
1113 2385 1386 2462 iniuste
1441 2386 1853 2484 imperator
1900 2412 2049 2459 non
2099 2398 2347 2486 paret
2417 2398 2532 2462 set
2553 2399 2689 2473 Apr

345 2513 524 2562 suas
564 2488 1076 2561 excusatorias
1115 2488 1338 2560 mittit
1364 2491 1455 2560 ad
1486 2488 1685 2561 orbis
1716 2487 2119 2586 principes,
2157 2492 2529 2587 quomodo
2586 2477 2677 2529 ²⁰·

345 2616 539 2688 papa
578 2614 976 2687 perperam
1019 2601 1276 2662 contra
1318 2613 1402 2662 se
1439 2589 1831 2686 processit.

495 2690 758 2762 Mense
773 2690 1046 2788 Aprilis
1071 2689 1616 2762 monasterium
1641 2689 2531 2788 Casinenseimperatore

345 2793 780 2885 mandante.
825 2789 1324 2863 servientibus
1366 2800 1440 2861 et
1477 2790 1642 2862 aliis
1682 2793 1771 2860 ad
1812 2791 2228 2862 custodiam
2272 2813 2533 2862 neces-

347 2889 564 2963 sariis
616 2891 1143 2986 communitur,
1199 2890 1644 2988 quibusdam
1684 2890 2075 2962 monachis
2134 2915 2225 2961 ex
2280 2915 2368 2962 eo
2410 2915 2532 2962 ex-

220 3020 225 3028 ·
346 2992 594 3064 clusis,
693 2991 1050 3064 Similiter
1101 3001 1176 3062 et
1212 2991 1522 3063 Pontem
1567 3002 1927 3063 curvum⁸¹
1975 3014 2109 3087 per
2144 2991 2529 3064 Taffurum

348 3093 844 3165 castellanum
883 3116 1103 3165 rocce
1142 3091 1417 3163 lanule.

493 3193 757 3266 Mense
808 3193 1024 3266 Madii
1079 3192 1150 3263 in
1189 3192 1463 3264 Marsia
1503 3202 1683 3287 aput
1718 3191 2193 3264 Tallacozum
2232 3193 2529 3289 quidam

347 3302 654 3365 sanctus
685 3294 894 3365 Oddo
933 3293 1337 3387 revelatur,
1377 3292 1500 3389 qui
1538 3292 1917 3365 miraculis
1957 3293 2210 3364 multis
2251 3293 2530 3366 claruit.

347 3395 675 3466 Thomas
740 3395 832 3464 de
883 3392 1174 3489 Aquino
1227 3393 1677 3464 Acerrarum
1744 3416 2002 3466 comes
2066 3405 2377 3466 vocatus
2442 3397 2530 3466 ad

346 3494 881 3591 imperatorem
912 3493 983 3564 in
1013 3492 1535 3565 Lombardiam
1567 3493 1785 3565 vadit.
1849 3494 2137 3566 Omnes
2176 3498 2268 3566 de
2297 3520 2531 3591 regno

348 3594 470 3691 qui
511 3603 687 3666 sunt
722 3594 792 3664 in
834 3595 1170 3666 Romana
1211 3593 1440 3688 curia,
1479 3604 1950 3669 revocantur.
2021 3595 2325 3666 Denarii
2362 3596 2533 3668 novi

349 3695 499 3769 dati
557 3705 730 3766 sunt
781 3719 913 3792 per
963 3705 1244 3767 terram
1295 3693 1552 3767 Sancti
1601 3694 2023 3788 Benedicti,
2078 3718 2211 3791 pro
2266 3696 2529 3792 quibus

349 3799 601 3869 datum
644 3805 760 3866 est
796 3819 1056 3866 aurum
1097 3799 1186 3869 ad
1227 3819 1607 3868 summam
1654 3798 1794 3868 170
1830 3793 2241 3866 unciarum.

496 3895 953 3991 TeanensiS.,
1009 3895 1471 3991 Calinensis‚
1525 3894 2023 3987 Venafranus,
2077 3895 2532 3992 Aquinensis

350 3996 684 4096 episcopi
722 3998 813 4068 de
850 4021 1088 4093 regno
1128 4007 1430 4090 exeunt,
1483 3995 1939 4094 imperatore
1978 3999 2405 4069 mandante.

497 4097 764 4171 Mense
813 4097 1037 4170 Iunii.
1091 4097 1311 4169 tertio
1361 4097 1686 4168 intrante
1740 4100 2005 4168 eodem
2060 4121 2354 4193 mense,
2409 4095 2533 4194 qui

349 4195 486 4267 fuit
520 4197 832 4274 Veneris
873 4198 1059 4295 dies,
1115 4196 1308 4270 circa
1365 4197 1627 4269 horam
1678 4221 1957 4270 nonam
1998 4198 2111 4270 sol
2169 4197 2533 4296 eclypsim

347 4323 402 4391 a)
438 4322 512 4374 ita
549 4339 592 4376 c.

1938 4398 2030 4468 10
