3050 4900
481 424 578 496 52
889 419 1454 496 RYCCARDUS
1510 422 1633 494 DE
1687 421 1759 493 S.
1816 421 2280 494 GERMANO

481 622 653 695 dicti
705 622 910 720 regis
962 624 1238 694 ducere
1291 621 1368 692 in
1419 645 1728 694 uxorem
1786 621 2073 694 iuravit.
2182 621 2323 710 Qui
2364 636 2675 722 accepta

482 748 523 795 a
563 747 757 822 papa
799 721 1154 797 licentia
1138 747 1208 794 m
1249 747 1569 820 regnum
1610 721 1911 795 rediens
1952 732 2026 795 et
2062 722 2203 794 iter
2238 747 2377 836 per
2405 724 2672 798 Soram

481 825 797 919 habens,
853 823 1215 898 Celanum
1273 823 1496 916 vadit,
1552 823 1673 896 ubi
1728 824 1818 894 ad
1877 847 1962 895 se
2016 823 2481 896 comitissam
2524 826 2674 896 Mo-

479 924 662 1020 lisii,
744 947 890 1022 que
960 925 1205 996 adhuc
1276 925 1348 996 in
1419 946 1636 996 rocca
1704 923 2109 1019 Magenulfi
2172 937 2673 1020 remanserat,

476 1025 736 1098 venire
787 1023 1102 1119 facienS,
1157 1048 1299 1096 nec
1355 1048 1502 1096 non
1558 1035 1633 1096 et
1685 1023 1919 1096 filium
1972 1025 2161 1119 eius,
2212 1026 2485 1123 alloqui
2537 1051 2672 1124 per

477 1150 645 1199 eam
686 1125 864 1196 fecit
899 1125 1149 1221 ipsum
1189 1124 1571 1218 comitem,
1611 1136 1689 1197 ut
1714 1124 2151 1222 imperatori
2184 1149 2269 1198 se
2299 1128 2666 1200 redderet.

475 1226 608 1300 Set
661 1250 832 1298 cum
885 1225 1029 1297 hoc
1075 1227 1416 1323 optinere
1473 1250 1623 1298 non
1676 1239 1976 1323 posset,
2048 1226 2319 1299 muniri
2384 1227 2665 1326 optime

475 1327 678 1402 iubet
731 1337 805 1398 et
861 1327 1214 1399 custodiri
1253 1327 1522 1400 collem
1564 1327 1819 1400 Sancti
1856 1327 2210 1421 Flaviani,
2266 1338 2338 1399 et
2377 1329 2540 1425 ipse
2582 1354 2667 1402 se

473 1428 547 1500 in
586 1427 932 1540 Apuliam
971 1428 1264 1500 confert
1301 1428 1571 1501 exinde
1607 1428 1679 1499 in
1718 1427 2046 1501 Siciliam
2096 1429 2495 1520 1·edituru8‚
2550 1454 2665 1502 re·

471 1529 666 1602 lictis
692 1539 871 1600 tunc
899 1528 971 1599 in
1007 1553 1276 1602 manus
1307 1529 1610 1602 Henrici
1638 1532 1731 1601 de
1762 1530 2048 1602 Morra⁸
2090 1529 2431 1625 magistri
2460 1529 2666 1604 iusti-

469 1629 662 1702 tiarii
703 1629 1088 1702 comitissa
1125 1630 1454 1727 predicta
1497 1641 1575 1702 et
1601 1629 1749 1702 filio
1782 1630 1967 1702 eius.
2035 1631 2208 1703 Post
2240 1631 2664 1704 discessum

471 1755 652 1804 vero
691 1731 1168 1828 imperatoris
1207 1731 1372 1830 ipso
1411 1741 1688 1828 agente
1727 1731 1973 1804 adhuc
2010 1731 2206 1803 circa
2244 1729 2437 1804 fines
2468 1734 2664 1831 Apu-

470 1831 596 1928 lie,
650 1831 845 1904 inter
897 1853 1244 1904 cesarem
1301 1843 1374 1904 et
1431 1831 1787 1903 comitem
1837 1831 2107 1904 Molisii
2162 1833 2661 1930 compositum

472 1943 594 2005 est
654 1931 1030 2004 mediante
1107 1933 1446 2006 Romana
1511 1932 1835 2005 ecclesia
1905 1933 1979 2004 in
2051 1933 2253 2005 hunc
2318 1935 2661 2006 modum:

469 2033 682 2120 Quod
715 2032 880 2129 ipse
911 2056 1172 2106 comes
1203 2058 1516 2106 securus
1550 2057 1721 2105 cum
1750 2035 1975 2105 rebus
2006 2043 2081 2104 et
2110 2036 2479 2131 personis,
2516 2059 2661 2132 que

469 2133 716 2230 ipsum
755 2134 972 2230 sequi
1021 2135 1416 2231 voluerint,
1469 2158 1793 2231 regnum
1853 2134 2102 2229 exibit,
2157 2136 2437 2209 Celano
2492 2135 2661 2208 Obi-

469 2235 644 2306 nolo
703 2245 778 2307 et
825 2235 989 2307 aliis
1043 2261 1189 2333 que
1238 2239 1569 2330 tenebat
1626 2259 1757 2332 pro
1796 2259 2061 2308 cesare
2081 2189 2531 2333 resignatis.
2588 2246 2663 2307 et

470 2335 857 2408 comitisse
897 2337 1110 2409 uxori
1147 2337 1308 2409 eius
1349 2337 1747 2408 comitatus
1780 2347 1899 2408 est
1927 2335 2191 2408 Molisii
2224 2347 2659 2409 reservatus

472 2461 562 2508 ex
621 2447 859 2534 pacto.
958 2437 1166 2509 ‘lunc
1213 2437 1356 2511 hiis
1409 2436 1509 2509 ita
1564 2436 1832 2533 gestis7
1886 2437 2125 2511 dictus
2178 2463 2437 2511 comes
2489 2463 2657 2512 cum

471 2537 628 2609 suis
667 2540 760 2609 ad
800 2539 1072 2611 Urbem
1115 2564 1200 2611 se
1239 2538 1574 2634 contulit,
1615 2539 1999 2611 comitissa
2039 2540 2472 2613 comitatum
2510 2540 2659 2611 Mo-

467 2637 610 2709 lisii
649 2638 936 2735 recipit,
975 2639 1518 2714 Celanensibus
1559 2639 1990 2737 precipitur,
2048 2650 2126 2711 ut
2162 2651 2527 2713 exeuntes
2566 2642 2659 2711 de

469 2738 858 2812 domiciliis
916 2764 1082 2812 cum
1137 2740 1777 2839 suppellectilibus
1819 2740 2003 2835 suis,
2058 2741 2309 2812 facere
2346 2741 2419 2812 in
2461 2742 2658 2812 clau-

470 2841 664 2913 suris
705 2841 1124 2913 habitacula
1165 2845 1547 2915 deberent.
1652 2840 1938 2928 Quibus
1994 2842 2465 2935 exeuntibuS‚
2522 2843 2656 2915 Ce-

465 2942 722 3014 lanum
761 2952 996 3015 totum
1038 2954 1156 3015 est
1190 2944 1513 3016 dirutum
1554 2953 1629 3014 et
1665 2946 2166 3036 combustum7
2219 2942 2378 3013 sola
2419 2941 2656 3013 eccle-

467 3043 578 3115 sia
645 3043 884 3116 sancti
945 3043 1298 3117 Iohannis
1361 3043 1767 3141 superstite
1832 3053 2313 3136 remanente3
2396 3044 2653 3140 sicque

470 3153 752 3217 mutato
791 3143 1122 3240 nomine,
1174 3170 1320 3241 que
1360 3146 1721 3218 Celanum
1779 3154 2000 3216 antea
2053 3147 2483 3237 vocabatur,
2538 3153 2657 3215 est

467 3246 794 3319 Cesarea
833 3248 1316 3342 postmodum
1369 3244 1766 3344 appellata.
1862 3246 2075 3317 Unde
2130 3243 2443 3317 metrice
2499 3243 2651 3341 qui-

465 3348 635 3418 dam
673 3344 890 3418 dixit:

679 3446 866 3519 Vires
904 3453 972 3517 et
1004 3469 1259 3519 nomen
1301 3446 1639 3520 Celanum
1676 3448 1913 3539 perdit
1946 3452 2010 3517 et
2046 3470 2274 3539 omen,

867 3548 1123 3619 Fertur
1160 3550 1497 3639 Cesarea,
1537 3570 1840 3642 cesaque
1873 3550 2079 3632 facta
2118 3571 2265 3618 rea.

461 3648 683 3720 Serra
727 3671 957 3747 super
992 3649 1354 3723 Celanum
1393 3645 1760 3739 firmatur7
1816 3657 1888 3719 et
1942 3671 2031 3719 ex
2069 3656 2244 3718 tunc
2282 3647 2647 3719 Celanen-

464 3772 590 3820 ses
629 3774 670 3821 a
709 3748 980 3821 finibus
1019 3748 1338 3848 propriis
1377 3748 1929 3841 discesserunt3
1984 3772 2124 3821 nec
2162 3748 2273 3819 eis
2310 3746 2647 3820 habitare

463 3872 916 3923 concessum
947 3861 1062 3923 est
1091 3850 1161 3922 in
1195 3849 1510 3944 eisdem,
1542 3872 1773 3946 quare
1803 3852 1893 3921 ad
1924 3849 2088 3921 loca
2110 3848 2253 3921 alia
2276 3872 2409 3921 eos
2431 3872 2649 3945 opor-

460 3950 598 4022 tuit
634 3953 1080 4047 demigrare.

613 4051 771 4122 Hoc
809 4076 1004 4125 anno
1041 4076 1172 4125 rex
1203 4050 1509 4123 Francie
1550 4050 1753 4148 obiit7
1795 4063 1865 4124 et
1904 4051 2099 4124 filius
2140 4050 2299 4123 eius
2340 4074 2647 4123 corona—

459 4163 578 4223 tur
617 4152 684 4223 in
728 4177 1007 4249 regem.

461 4286 507 4349 a)
547 4283 698 4338 Mor?
737 4302 781 4336 c.
819 4289 1047 4353 saepius.
