3050 4900
543 462 686 535 118
941 456 1506 532 RYCCARDUS
1560 458 1685 533 DE
1738 458 1809 533 S.
1866 458 2327 533 GERMANO

687 658 1264 732 Bai-tholomeus
1315 660 1410 731 de
1459 658 1737 731 Sancto
1788 658 2167 733 Germano
2218 662 2471 733 domni
2530 682 2725 759 pape

537 759 1053 859 cappellanus,
1089 782 1285 856 papa
1325 764 1731 832 mandante
1760 760 2105 832 Gaietam
2135 760 2335 835 vadit
2363 786 2499 858 pro
2528 784 2727 835 com·

541 861 913 961 positione
964 860 1158 933 inter
1204 860 1737 956 imperatorem
1795 871 1871 932 et
1905 860 2313 933 Gaietanos
2360 861 2728 958 facienda,

536 972 615 1037 ut
663 963 980 1035 redeant
1029 962 1122 1033 ad
1171 958 1610 1033 fidelitatem
1664 961 1943 1059 ipsius,
1998 964 2191 1059 quod
2250 986 2417 1034 cum
2475 962 2727 1037 facere

537 1088 686 1137 non
736 1071 1027 1161 posset,
1081 1072 1260 1158 aput
1309 1061 1668 1135 Sanctum
1727 1063 2181 1135 Herasmum
2236 1063 2598 1157 secessit,
2652 1074 2729 1135 et

535 1165 630 1238 ibi
670 1186 910 1259 usque
949 1164 1040 1235 ad
1071 1164 1505 1235 mandatum
1537 1185 1733 1259 pape
1764 1162 1994 1259 elegit
2018 1163 2271 1236 facere
2302 1164 2723 1237 stationem.

688 1264 950 1335 Mense
999 1262 1466 1360 Septembris
1523 1263 1934 1360 imperator
1985 1287 2028 1334 a
2066 1262 2311 1336 Melfia
2350 1265 2561 1337 venit
2594 1266 2726 1338 Fo-

533 1364 770 1461 giam,
807 1373 883 1437 et
919 1363 1319 1459 generales
1355 1388 1490 1460 per
1520 1373 1756 1435 totum
1787 1387 2104 1461 regnum
2137 1365 2423 1439 litteras
2454 1365 2725 1462 dirigit,

539 1475 620 1537 ut
654 1467 746 1558 de
785 1462 1112 1560 qualibet
1144 1463 1447 1537 civitate
1499 1464 1623 1537 vel
1674 1475 1919 1537 castro
1970 1468 2117 1537 duo
2164 1469 2255 1539 de
2294 1465 2723 1541 melioribus

537 1560 901 1639 accedant
949 1567 1038 1637 ad
1095 1565 1342 1661 ipsum
1402 1586 1537 1662 pro
1595 1564 1908 1638 utilitate
1963 1566 2177 1662 regni
2216 1577 2293 1639 et
2328 1570 2723 1641 commodo

535 1666 914 1765 generali,
984 1662 1076 1748 ad
1131 1688 1360 1761 quem
1415 1689 1551 1763 pro
1607 1676 1808 1739 terra
1860 1665 2115 1739 Sancti
2178 1667 2537 1741 Germani
2598 1667 2728 1741 ivit

537 1767 912 1841 Roffridus
949 1769 1042 1839 de
1079 1766 1329 1839 Monte
1369 1766 1610 1839 miles,

688 1868 1007 1940 Fodrum
1061 1868 1152 1937 de
1203 1889 1439 1962 regno
1489 1866 1701 1939 iussu
1752 1866 2226 1965 imperatoris
2266 1879 2446 1967 aput
2480 1869 2725 1966 Anag-

535 1967 740 2041 niam
779 1965 1092 2039 mittitur
1125 1969 1217 2039 ad
1257 1969 1614 2041 domnum
1650 1991 1953 2065 papam.

689 2068 953 2141 Mense
1007 2066 1352 2143 Octobris
1404 2068 1478 2140 in
1535 2068 1813 2143 Sancto
1868 2069 2249 2142 Germano
2299 2068 2724 2143 huiusmodi

539 2179 716 2243 sunt
751 2166 1182 2266 imperiales
1221 2168 1494 2242 ascisie
1534 2168 1944 2267 publicate:

687 2271 884 2346 cives
917 2272 992 2341 in
1025 2271 1236 2343 terris
1269 2293 1516 2342 eorum
1550 2293 1687 2363 pro
1724 2270 2075 2343 mercibus
2110 2272 2257 2345 suis
2293 2294 2479 2366 quas
2510 2273 2727 2343 intro-

535 2372 805 2443 mittent
841 2369 948 2443 vel
981 2369 1358 2443 extrahent
1387 2369 1559 2444 nihil
1604 2370 1899 2464 solvent,
1954 2372 2091 2443 nisi
2126 2372 2320 2466 quod
2369 2371 2535 2443 olim
2588 2372 2727 2445 sot-

535 2471 813 2543 vebant.
919 2471 1026 2544 De
1073 2471 1344 2564 pomis,
1399 2473 1797 2564 castaneis,
1851 2473 2183 2564 nucibus,
2236 2473 2607 2566 avellaniS,
2661 2479 2729 2545 et

537 2570 702 2643 aliis
748 2571 1098 2656 fructibus
1133 2572 1205 2643 in
1239 2572 1394 2642 iure
1429 2572 1625 2644 curie
1658 2571 2063 2644 servabitur
2110 2575 2356 2656 forma
2402 2575 2721 2668 antiqua.

533 2670 657 2742 Ius
705 2671 1068 2750 coriorum
1115 2693 1252 2764 pro
1302 2677 1703 2744 conzatura
1746 2671 2117 2744 dimittitur
2150 2675 2220 2744 in
2256 2675 2503 2758 forma
2537 2676 2723 2744 'anti-

533 2793 702 2863 qua.
793 2770 1092 2844 Factum
1131 2773 1433 2866 canapis
1469 2774 1757 2843 omnino
1796 2773 2173 2844 remittitur
2188 2800 2216 2864 ,·
2270 2773 2724 2846 vendentibus

533 2873 808 2964 vinum,
873 2873 1019 2946 sive
1073 2871 1176 2943 ad
1226 2874 1571 2944 minutum
1623 2875 1769 2944 sive
1820 2873 1921 2944 ad
1971 2895 2333 2967 crossum,
2400 2873 2573 2945 nihil
2616 2897 2722 2944 re-

531 2973 858 3066 quiritur,
913 2978 1022 3044 set
1053 2973 1122 3044 in
1161 2975 1260 3045 eis
1294 2972 1701 3045 servabitur
1732 2975 1975 3058 forma
2014 2975 2333 3068 antiqua.
2424 2975 2721 3046 Stetere

533 3073 668 3142 erit
697 3073 770 3142 in
802 3071 1136 3164 fundicis,
1189 3078 1260 3144 et
1303 3071 1477 3144 nihil
1508 3073 1885 3165 recipietur
1914 3094 2051 3165 pro
2088 3097 2202 3166 ea,
2252 3097 2379 3146 nec
2417 3074 2723 3166 amplius

527 3193 666 3264 pro
694 3176 1028 3262 cantaro,
1065 3192 1284 3265 quam
1311 3193 1554 3266 yrana
1580 3171 1647 3244 5.
1708 3171 1851 3244 Pro
1877 3171 2243 3245 herbatico
2274 3174 2717 3266 animalium,

533 3269 928 3343 venditione
957 3293 1296 3366 equorum
1333 3276 1402 3343 et
1425 3271 1735 3344 aliorum
1774 3273 2189 3344 animalium
2226 3275 2544 3346 similiter
2575 3297 2720 3347 ser-

532 3371 818 3442 vabitur
850 3373 1095 3455 forma
1133 3372 1454 3466 antiqua.
1518 3371 1578 3443 A
1610 3373 2091 3467 piscatoribus
2119 3374 2289 3446 nihii
2314 3377 2717 3470 requiritur,

531 3472 670 3542 nisi
703 3471 1090 3542 secundum
1123 3473 1440 3557 formam
1480 3475 1874 3569 antiquam.
1971 3472 2115 3546 Pro
2164 3475 2316 3546 iure
2348 3487 2718 3548 mensura-

532 3593 690 3643 rum
728 3571 1043 3644 victualii
1075 3579 1225 3644 tam
1261 3573 1338 3644 in
1369 3595 1635 3644 sauma
1662 3595 1879 3668 quam
1908 3575 1979 3643 in
2004 3575 2291 3646 tuminis
2316 3575 2724 3648 servabitur

527 3674 776 3756 forma
813 3673 1135 3768 antiqua.
1224 3673 1330 3746 De
1365 3675 1518 3744 iure
1554 3674 1859 3744 casatici
1892 3675 2195 3746 remissa
2229 3681 2399 3747 sunt
2427 3697 2669 3770 yrana
2690 3685 2719 3718 ⁸

530 3775 576 3848 3
611 3797 747 3866 pro
784 3775 1022 3865 uncia,
1077 3775 1180 3844 ita
1229 3772 1424 3868 quod
1461 3773 1981 3845 mercatoribus
2033 3777 2151 3868 qui
2186 3781 2393 3848 erunt
2436 3797 2571 3868 pro
2618 3777 2719 3847 eis

524 3872 1012 3968 providebitur
1049 3898 1094 3944 a
1133 3873 1545 3947 custodibus
1576 3872 1850 3958 fundiei
1874 3875 1947 3944 in
1969 3874 2187 3968 lectis,
2220 3874 2717 3968 lurninarilms,

524 3971 744 4067 palea
779 3978 848 4044 et
879 3973 1108 4068 liquis.
1215 3972 1322 4044 De
1369 3974 1520 4044 iure
1558 3973 2045 4046 bueeeriorum
2066 3972 2129 4022 ⁵²
2184 3999 2322 4068 pro
2376 3977 2551 4048 bove
2615 3975 2729 4048 vel

529 4097 760 4145 vacca
797 4075 1248 4146 remittuntur
1281 4095 1520 4164 qrana
1558 4075 1725 4166 tria,
1764 4097 1903 4168 pro
1942 4077 2163 4146 ariete
2197 4099 2439 4170 yrenei
2477 4076 2545 4168 2,
2574 4099 2725 4170 pro·

531 4195 726 4267 ayne
773 4196 1017 4267 ymno
1063 4174 1132 4246 2.
1239 4171 1346 4243 De
1407 4173 1692 4246 tuminis
1751 4179 1821 4244 et
1876 4173 2255 4248 sardetlisb
2316 4175 2721 4248 servabitur

531 4297 580 4368 a)
618 4293 655 4368 ξ
691 4315 735 4352 c.
883 4298 938 4369 b)
977 4298 1199 4353 szdellis
1239 4315 1285 4353 c.
2122 4299 2223 4375 52)
2270 4297 2721 4360 macenariam.
