3050 4900
528 463 628 538 58
931 457 1498 535 RYCCARDUS
1554 455 1677 530 DE
1730 458 1803 530 S.
1858 457 2320 531 GERMANO

675 663 1090 758 Imperator
1119 659 1312 757 apud
1343 657 1641 730 Troiam
1674 656 2001 729 natalem
2031 655 2327 730 Domini
2364 657 2717 735 celebrat

677 759 1148 836 Coloniensis
1203 757 1815 855 archiepiscopus
1861 757 1931 827 in
1972 757 2416 832 Alamannia
2456 783 2494 832 a
2535 784 2717 856 quo-

529 865 700 934 dam
741 860 1305 956 consanguineo
1348 882 1484 931 suo
1524 858 1964 940 interfectus
2004 868 2141 931 est.

677 962 1094 1059 Imperator
1141 983 1273 1057 pro
1315 958 1511 1031 facto
1552 958 2008 1070 prelatorum
2049 982 2239 1055 quos
2279 983 2473 1056 papa
2514 983 2719 1032 crea-

525 1072 760 1156 verat,
817 1085 998 1134 suos
1038 1063 1126 1132 ad
1167 1084 1340 1132 eum
1382 1058 1681 1132 nuntios
1720 1057 1960 1132 mittit.

675 1163 833 1234 Hoc
877 1185 1074 1234 anno
1117 1183 1245 1232 rex
1275 1158 1717 1232 Alamannie
1755 1158 2124 1242 Henricus
2163 1158 2415 1231 filius
2398 1183 2717 1257 impera-

523 1262 708 1335 toris
744 1259 974 1333 filiam
1013 1262 1222 1334 ducis
1259 1259 1557 1332 Austrie
1595 1259 1801 1330 duxit
1836 1283 2170 1332 uxorem.

675 1361 1047 1474 Honorius
1087 1385 1280 1458 papa
1317 1385 1453 1457 pro
1495 1360 1689 1432 facto
1730 1359 1973 1432 crucis
2011 1359 2519 1474 predicatores
2552 1360 2715 1433 mit-

524 1465 636 1558 tit
673 1473 750 1534 et
785 1461 857 1532 in
894 1461 1415 1534 Alamanniam
1455 1459 1704 1555 dirigit
1741 1460 2233 1534 portuensem
2275 1461 2712 1558 episcopum

527 1587 698 1636 cum
717 1562 982 1634 litteris
1006 1561 1188 1635 suis.
1175 1585 1407 1658 quas
1429 1561 1615 1658 ipsis
1640 1560 2225 1657 predicatoribus
2248 1561 2471 1637 simili
2491 1563 2715 1634 modo

530 1661 887 1735 concedit.

675 1763 834 1834 Hoc
887 1785 1084 1834 anno
1129 1784 1260 1832 rex
1287 1759 1596 1832 Francie
1638 1759 1965 1832 monitus
2003 1784 2139 1858 per
2177 1761 2535 1834 domnum
2572 1762 2713 1833 Ro-

524 1886 836 1934 manum
890 1860 1304 1958 apostolice
1358 1859 1559 1933 sedis
1611 1859 1987 1957 legatum,
2058 1873 2314 1934 contra
2367 1861 2712 1957 Albigen-

527 1986 654 2036 ses
707 1985 876 2034 cum
929 1962 1233 2059 copioso
1271 1961 1728 2034 Francorum
1768 1959 2096 2034 exercitu
2134 1961 2207 2035 in
2248 1961 2711 2035 Provinciam

525 2062 728 2137 vadit
748 2073 798 2138 ⁸.

674 2162 928 2257 Reges
968 2162 1299 2260 Hyspani
1338 2171 1619 2234 terram
1654 2159 2311 2233 Miramammolini
2346 2161 2643 2234 intrant.

673 2262 1048 2335 Honorius
1084 2287 1279 2360 papa
1318 2261 1860 2358 indulgentiam
1900 2261 2385 2358 saracenisci,
2435 2285 2579 2359 que
2618 2285 2711 2334 ex

523 2362 1087 2460 longiturnitate
1114 2362 1480 2460 temporis
1512 2362 1696 2436 satis
1725 2361 2165 2457 inoleverat,
2191 2372 2549 2460 tanquam
2579 2361 2712 2441 fal-

527 2488 690 2537 sam
733 2464 1083 2561 cassavit,
1122 2474 1198 2544 et
1229 2464 1514 2539 irritam
1556 2488 1689 2563 per
1726 2488 1903 2537 suas
1933 2463 2217 2536 litteras
2250 2463 2715 2537 denuntiavit

523 2564 808 2662 pariter
857 2575 934 2637 et
979 2564 1311 2661 inanem,
1361 2589 1498 2663 pro
1540 2589 1631 2637 eo
1669 2568 1860 2661 quod
1901 2563 2149 2636 clerici
2186 2563 2329 2635 loci
2367 2564 2709 2647 eiusdem

527 2666 802 2737 dabant
857 2666 1387 2739 accedentibus
1444 2668 1533 2738 ad
1590 2665 1833 2764 ipsam
1881 2663 2283 2740 ecclesiam
2331 2664 2711 2737 remissio-

527 2788 705 2837 nem
767 2765 1106 2837 omnium
1166 2777 1691 2879 peccatorum,
1760 2764 2127 2849 facientes
2198 2766 2308 2839 eis
2370 2763 2715 2861 intelligi,

528 2868 720 2961 quod
776 2865 878 2936 ita
928 2867 1019 2937 de
1071 2866 1401 2964 peccatis
1441 2865 1785 2938 omnibus
1826 2865 2209 2939 emundati
2245 2867 2711 2979 recederent,

527 2966 719 3037 sicut
770 2966 1054 3063 pertica
1113 2969 1434 3064 quedam
1485 2990 1712 3063 quam
1751 2970 2250 3041 ostendebant
2286 2966 2395 3039 eis
2434 2964 2711 3043 cortice

527 3067 1032 3137 emundatam.

676 3373 938 3447 Mense
975 3374 1314 3447 Ianuario
1354 3373 1724 3447 Honorius
1767 3398 1959 3472 papa
1996 3374 2413 3471 quendamb
2462 3372 2709 3446 Olive-

526 3472 720 3544 rium
775 3473 1076 3547 natione
1118 3529 1331 3547 ......
1386 3476 1520 3545 ad⁶
1572 3474 1975 3555 ecclesiam
2028 3473 2266 3547 sancti
2304 3472 2711 3553 Vincentii⁰

527 3584 1002 3687 assumptum
1028 3588 1054 3621 ⁶
1115 3575 1440 3649 electum
1465 3587 1489 3619 ⁶
1553 3577 1645 3646 ad
1709 3575 2241 3671 imperatorem
2306 3574 2381 3645 in
2442 3572 2708 3671 Apulia

525 3682 1090 3870 mlttllrtnperator
1131 3774 1300 3871 ipse
1350 3772 1747 3853 baronibus
1803 3783 1879 3846 et
1915 3772 2277 3855 militibus
2306 3772 2706 3855 infeudatis

529 3874 800 3945 ceteris
841 3876 1175 3968 mandat,
1223 3883 1303 3944 ut
1337 3896 1605 3945 omnes
1646 3897 1730 3945 se
1784 3886 2185 3971 preparent
2230 3876 2325 3947 ad
2377 3874 2705 3953 eundum

527 3994 787 4043 secum
826 3972 898 4044 in
935 3972 1486 4066 Lombardiam‚
1527 3982 1602 4044 et
1638 3983 1717 4044 ut
1754 3997 2021 4047 omnes
2062 3978 2258 4071 apud
2296 3972 2709 4066 Piscaram,

523 4140 572 4212 a)
607 4144 812 4212 reliqua
849 4146 977 4196 anni
1004 4144 1231 4210 plurima
1267 4147 1564 4197 atramento
1601 4144 1827 4199 obducta
1863 4150 2001 4199 sunt.
2116 4148 2171 4214 b)
2210 4148 2286 4200 ita
2324 4146 2429 4215 loqu·
2464 4144 2713 4207 coniicio;

521 4218 629 4268 iam
664 4215 810 4268 locus
845 4219 1016 4270 vacat.
1214 4215 1261 4286 c)
1299 4215 1433 4270 liaeo
1467 4218 1611 4284 apud
1651 4217 1935 4286 Uqltellium
1972 4223 2171 4286 extant,
2208 4221 2316 4271 iam
2345 4232 2455 4272 non
2490 4216 2714 4284 amplius

524 4288 780 4355 loy-imm.
