<?xml version="1.0" encoding="UTF-8"?>
<!DOCTYPE html PUBLIC "-//W3C//DTD XHTML 1.0 Transitional//EN"
    "http://www.w3.org/TR/xhtml1/DTD/xhtml1-transitional.dtd">
<html xmlns="http://www.w3.org/1999/xhtml" xml:lang="en" lang="en">
 <head>
  <title>
</title>
<meta http-equiv="Content-Type" content="text/html;charset=utf-8" />
  <meta name='ocr-system' content='tesseract 3.04.00' />
  <meta name='ocr-capabilities' content='ocr_page ocr_carea ocr_par ocr_line ocrx_word'/>
</head>
<body>
  <div class='ocr_page' id='page_1' title='image "./ryccardidesanct01pertgoog_0155.png"; bbox 0 0 3050 4900; ppageno 0'>
   <div class='ocr_carea' id='block_1_1' title="bbox 1171 415 2587 493">
    <p class='ocr_par' dir='ltr' id='par_1_1' title="bbox 1171 415 2587 493">
     <span class='ocr_line' id='line_1_1' title="bbox 1171 415 2587 493; baseline 0.004 -7"><span class='ocrx_word' id='word_1_1' title='bbox 1171 415 1254 487; x_wconf 91' lang='lat' dir='ltr'>A.</span> <span class='ocrx_word' id='word_1_2' title='bbox 1318 417 1528 490; x_wconf 83' lang='lat'>1239.</span> <span class='ocrx_word' id='word_1_3' title='bbox 1594 417 1804 490; x_wconf 81' lang='lat'>1240.</span> <span class='ocrx_word' id='word_1_4' title='bbox 2448 421 2587 493; x_wconf 87' lang='grc'>143</span> 
     </span>
    </p>
   </div>
   <div class='ocr_carea' id='block_1_2' title="bbox 360 615 2589 4234">
    <p class='ocr_par' dir='ltr' id='par_1_2' title="bbox 396 615 2589 1217">
     <span class='ocr_line' id='line_1_2' title="bbox 401 615 2589 713; baseline 0.001 -26"><span class='ocrx_word' id='word_1_5' title='bbox 401 625 541 690; x_wconf 89' lang='lat' dir='ltr'>est.</span> <span class='ocrx_word' id='word_1_6' title='bbox 615 615 1000 713; x_wconf 86' lang='lat' dir='ltr'>Aspellum</span> <span class='ocrx_word' id='word_1_7' title='bbox 1062 625 1136 687; x_wconf 90' lang='lat' dir='ltr'>et</span> <span class='ocrx_word' id='word_1_8' title='bbox 1193 616 1745 690; x_wconf 84' lang='lat' dir='ltr'>Coccoionum·</span> <span class='ocrx_word' id='word_1_9' title='bbox 1812 627 2175 687; x_wconf 86' lang='lat' dir='ltr'>venerunt</span> <span class='ocrx_word' id='word_1_10' title='bbox 2233 619 2324 688; x_wconf 87' lang='lat' dir='ltr'>ad</span> <span class='ocrx_word' id='word_1_11' title='bbox 2382 642 2589 689; x_wconf 89' lang='lat' dir='ltr'>man-</span> 
     </span>
     <span class='ocr_line' id='line_1_3' title="bbox 405 716 2588 814; baseline 0.001 -26"><span class='ocrx_word' id='word_1_12' title='bbox 405 719 659 788; x_wconf 88' lang='lat' dir='ltr'>datum</span> <span class='ocrx_word' id='word_1_13' title='bbox 716 740 977 808; x_wconf 68' lang='lat' dir='ltr'>suum,</span> <span class='ocrx_word' id='word_1_14' title='bbox 1034 717 1295 814; x_wconf 84' lang='lat' dir='ltr'>recipit</span> <span class='ocrx_word' id='word_1_15' title='bbox 1349 728 1526 788; x_wconf 91' lang='lat' dir='ltr'>tunc</span> <span class='ocrx_word' id='word_1_16' title='bbox 1586 717 1809 788; x_wconf 82' lang='lat' dir='ltr'>etiam</span> <span class='ocrx_word' id='word_1_17' title='bbox 1861 716 2267 788; x_wconf 88' lang='lat' dir='ltr'>Viterbium</span> <span class='ocrx_word' id='word_1_18' title='bbox 2320 722 2588 791; x_wconf 87' lang='lat' dir='ltr'>eodem</span> 
     </span>
     <span class='ocr_line' id='line_1_4' title="bbox 401 815 2586 914; baseline 0.001 -27"><span class='ocrx_word' id='word_1_19' title='bbox 401 840 666 889; x_wconf 89' lang='lat' dir='ltr'>mense</span> <span class='ocrx_word' id='word_1_20' title='bbox 705 815 1108 909; x_wconf 71' lang='lat' dir='ltr'>Februarii,</span> <span class='ocrx_word' id='word_1_21' title='bbox 1148 818 1436 908; x_wconf 61' lang='lat' dir='ltr'>Ortam,</span> <span class='ocrx_word' id='word_1_22' title='bbox 1476 817 1789 892; x_wconf 88' lang='lat' dir='ltr'>Civitam</span> <span class='ocrx_word' id='word_1_23' title='bbox 1833 816 2367 914; x_wconf 77' lang='lat' dir='ltr'>Castellanam,</span> <span class='ocrx_word' id='word_1_24' title='bbox 2415 822 2586 893; x_wconf 88' lang='lat' dir='ltr'>Cor-</span> 
     </span>
     <span class='ocr_line' id='line_1_5' title="bbox 399 917 2585 1011; baseline 0.001 -23"><span class='ocrx_word' id='word_1_25' title='bbox 399 929 685 1011; x_wconf 66' lang='lat' dir='ltr'>netum,</span> <span class='ocrx_word' id='word_1_26' title='bbox 724 917 1056 1011; x_wconf 75' lang='lat' dir='ltr'>Sutrum‚</span> <span class='ocrx_word' id='word_1_27' title='bbox 1093 918 1425 989; x_wconf 89' lang='lat' dir='ltr'>Montem</span> <span class='ocrx_word' id='word_1_28' title='bbox 1459 918 1902 991; x_wconf 89' lang='lat' dir='ltr'>Flasconem</span> <span class='ocrx_word' id='word_1_29' title='bbox 1938 928 2012 989; x_wconf 86' lang='lat' dir='ltr'>et</span> <span class='ocrx_word' id='word_1_30' title='bbox 2036 918 2585 991; x_wconf 87' lang='lat' dir='ltr'>Tuscanellam.</span> 
     </span>
     <span class='ocr_line' id='line_1_6' title="bbox 397 1017 2583 1117; baseline 0.001 -28"><span class='ocrx_word' id='word_1_31' title='bbox 397 1017 835 1115; x_wconf 70' lang='lat' dir='ltr'>imperatrix</span> <span class='ocrx_word' id='word_1_32' title='bbox 876 1042 1044 1089; x_wconf 91' lang='lat' dir='ltr'>cum</span> <span class='ocrx_word' id='word_1_33' title='bbox 1082 1018 1412 1090; x_wconf 89' lang='lat' dir='ltr'>Berardo</span> <span class='ocrx_word' id='word_1_34' title='bbox 1449 1017 1977 1089; x_wconf 76' lang='lat' dir='ltr'><strong>Panormitano</strong></span> <span class='ocrx_word' id='word_1_35' title='bbox 2018 1019 2583 1117; x_wconf 81' lang='lat' dir='ltr'>archiepiscopo</span> 
     </span>
     <span class='ocr_line' id='line_1_7' title="bbox 396 1118 2181 1217; baseline 0.002 -29"><span class='ocrx_word' id='word_1_36' title='bbox 396 1119 468 1189; x_wconf 87' lang='lat' dir='ltr'>in</span> <span class='ocrx_word' id='word_1_37' title='bbox 509 1143 826 1214; x_wconf 81' lang='lat' dir='ltr'>regnum</span> <span class='ocrx_word' id='word_1_38' title='bbox 869 1118 1091 1190; x_wconf 88' lang='lat' dir='ltr'>venit.</span> <span class='ocrx_word' id='word_1_39' title='bbox 1165 1119 1397 1191; x_wconf 82' lang='lat' dir='ltr'>Stella</span> <span class='ocrx_word' id='word_1_40' title='bbox 1439 1129 1776 1191; x_wconf 89' lang='lat' dir='ltr'>cometes</span> <span class='ocrx_word' id='word_1_41' title='bbox 1818 1119 2181 1217; x_wconf 89' lang='lat' dir='ltr'>apparuit.</span> 
     </span>
    </p>

    <p class='ocr_par' dir='ltr' id='par_1_3' title="bbox 389 1218 2583 1794">
     <span class='ocr_line' id='line_1_8' title="bbox 545 1218 2579 1318; baseline 0 -27"><span class='ocrx_word' id='word_1_42' title='bbox 545 1219 808 1291; x_wconf 88' lang='lat' dir='ltr'>Mense</span> <span class='ocrx_word' id='word_1_43' title='bbox 861 1219 1106 1290; x_wconf 87' lang='lat' dir='ltr'>Martii</span> <span class='ocrx_word' id='word_1_44' title='bbox 1157 1219 1567 1316; x_wconf 85' lang='lat' dir='ltr'>imperator</span> <span class='ocrx_word' id='word_1_45' title='bbox 1621 1219 1877 1291; x_wconf 91' lang='lat' dir='ltr'>relicto</span> <span class='ocrx_word' id='word_1_46' title='bbox 1935 1218 2327 1318; x_wconf 87' lang='lat' dir='ltr'>capitaneo</span> <span class='ocrx_word' id='word_1_47' title='bbox 2386 1222 2579 1316; x_wconf 89' lang='lat' dir='ltr'>apud</span> 
     </span>
     <span class='ocr_line' id='line_1_9' title="bbox 392 1318 2583 1414; baseline 0 -23"><span class='ocrx_word' id='word_1_48' title='bbox 392 1320 798 1392; x_wconf 88' lang='lat' dir='ltr'>Viterbium</span> <span class='ocrx_word' id='word_1_49' title='bbox 839 1319 1110 1392; x_wconf 88' lang='lat' dir='ltr'>comite</span> <span class='ocrx_word' id='word_1_50' title='bbox 1146 1320 1454 1393; x_wconf 85' lang='lat' dir='ltr'>Simone</span> <span class='ocrx_word' id='word_1_51' title='bbox 1485 1320 1795 1392; x_wconf 87' lang='lat' dir='ltr'>Teatino</span> <span class='ocrx_word' id='word_1_52' title='bbox 1837 1345 2006 1392; x_wconf 91' lang='lat' dir='ltr'>cum</span> <span class='ocrx_word' id='word_1_53' title='bbox 2048 1318 2374 1393; x_wconf 87' lang='lat' dir='ltr'>exercitu</span> <span class='ocrx_word' id='word_1_54' title='bbox 2416 1344 2583 1414; x_wconf 75' lang='lat' dir='ltr'>suo,</span> 
     </span>
     <span class='ocr_line' id='line_1_10' title="bbox 393 1419 2581 1516; baseline 0 -25"><span class='ocrx_word' id='word_1_55' title='bbox 393 1429 467 1491; x_wconf 84' lang='lat' dir='ltr'>et</span> <span class='ocrx_word' id='word_1_56' title='bbox 516 1420 589 1491; x_wconf 88' lang='lat' dir='ltr'>in</span> <span class='ocrx_word' id='word_1_57' title='bbox 643 1420 972 1492; x_wconf 85' lang='lat' dir='ltr'>Marchia</span> <span class='ocrx_word' id='word_1_58' title='bbox 1031 1421 1346 1493; x_wconf 88' lang='lat' dir='ltr'>naturali</span> <span class='ocrx_word' id='word_1_59' title='bbox 1401 1419 1551 1492; x_wconf 90' lang='lat' dir='ltr'>filio</span> <span class='ocrx_word' id='word_1_60' title='bbox 1611 1446 1747 1493; x_wconf 90' lang='lat' dir='ltr'>suo</span> <span class='ocrx_word' id='word_1_61' title='bbox 1806 1420 2123 1493; x_wconf 87' lang='lat' dir='ltr'>Henrico</span> <span class='ocrx_word' id='word_1_62' title='bbox 2178 1444 2362 1516; x_wconf 81' lang='lat' dir='ltr'>rege</span> <span class='ocrx_word' id='word_1_63' title='bbox 2414 1420 2581 1493; x_wconf 89' lang='lat' dir='ltr'>Gal-</span> 
     </span>
     <span class='ocr_line' id='line_1_11' title="bbox 390 1520 2579 1617; baseline 0.001 -27"><span class='ocrx_word' id='word_1_64' title='bbox 390 1520 591 1612; x_wconf 65' lang='lat' dir='ltr'>lure‚</span> <span class='ocrx_word' id='word_1_65' title='bbox 661 1544 829 1591; x_wconf 90' lang='lat' dir='ltr'>cum</span> <span class='ocrx_word' id='word_1_66' title='bbox 886 1520 1030 1592; x_wconf 91' lang='lat' dir='ltr'>hiis</span> <span class='ocrx_word' id='word_1_67' title='bbox 1087 1521 1208 1617; x_wconf 92' lang='lat' dir='ltr'>qui</span> <span class='ocrx_word' id='word_1_68' title='bbox 1261 1522 1353 1592; x_wconf 92' lang='lat' dir='ltr'>de</span> <span class='ocrx_word' id='word_1_69' title='bbox 1409 1544 1644 1617; x_wconf 81' lang='lat' dir='ltr'>regno</span> <span class='ocrx_word' id='word_1_70' title='bbox 1699 1544 1960 1593; x_wconf 88' lang='lat' dir='ltr'>secum</span> <span class='ocrx_word' id='word_1_71' title='bbox 2009 1521 2085 1593; x_wconf 88' lang='lat' dir='ltr'>in</span> <span class='ocrx_word' id='word_1_72' title='bbox 2134 1521 2579 1593; x_wconf 88' lang='lat' dir='ltr'>Lombardia</span> 
     </span>
     <span class='ocr_line' id='line_1_12' title="bbox 389 1619 2576 1718; baseline 0.001 -29"><span class='ocrx_word' id='word_1_73' title='bbox 389 1620 712 1714; x_wconf 68' lang='lat' dir='ltr'>fuerant,</span> <span class='ocrx_word' id='word_1_74' title='bbox 765 1620 953 1692; x_wconf 88' lang='lat' dir='ltr'>redit</span> <span class='ocrx_word' id='word_1_75' title='bbox 1000 1619 1070 1692; x_wconf 92' lang='lat' dir='ltr'>in</span> <span class='ocrx_word' id='word_1_76' title='bbox 1112 1645 1459 1717; x_wconf 59' lang='lat' dir='ltr'>regnum,</span> <span class='ocrx_word' id='word_1_77' title='bbox 1517 1632 1690 1693; x_wconf 89' lang='lat' dir='ltr'>tunc</span> <span class='ocrx_word' id='word_1_78' title='bbox 1740 1621 2124 1718; x_wconf 88' lang='lat' dir='ltr'>Stephano</span> <span class='ocrx_word' id='word_1_79' title='bbox 2184 1621 2576 1696; x_wconf 86' lang='lat' dir='ltr'>Casinensi</span> 
     </span>
     <span class='ocr_line' id='line_1_13' title="bbox 390 1722 2004 1794; baseline 0.001 -2"><span class='ocrx_word' id='word_1_80' title='bbox 390 1724 655 1793; x_wconf 83' lang='lat' dir='ltr'>abbate</span> <span class='ocrx_word' id='word_1_81' title='bbox 696 1722 785 1792; x_wconf 93' lang='lat' dir='ltr'>ad</span> <span class='ocrx_word' id='word_1_82' title='bbox 825 1730 1102 1793; x_wconf 88' lang='lat' dir='ltr'>terram</span> <span class='ocrx_word' id='word_1_83' title='bbox 1144 1722 1580 1793; x_wconf 87' lang='lat' dir='ltr'>monasterii</span> <span class='ocrx_word' id='word_1_84' title='bbox 1621 1724 2004 1794; x_wconf 87' lang='lat' dir='ltr'>redeunte.</span> 
     </span>
    </p>

    <p class='ocr_par' dir='ltr' id='par_1_4' title="bbox 385 1821 2573 2119">
     <span class='ocr_line' id='line_1_14' title="bbox 537 1821 2573 1921; baseline 0.001 -30"><span class='ocrx_word' id='word_1_85' title='bbox 537 1821 801 1893; x_wconf 89' lang='lat' dir='ltr'>Mense</span> <span class='ocrx_word' id='word_1_86' title='bbox 819 1821 1089 1919; x_wconf 89' lang='lat' dir='ltr'>Aprilis</span> <span class='ocrx_word' id='word_1_87' title='bbox 1121 1821 1531 1919; x_wconf 89' lang='lat' dir='ltr'>imperator</span> <span class='ocrx_word' id='word_1_88' title='bbox 1560 1824 1751 1921; x_wconf 91' lang='lat' dir='ltr'>apud</span> <span class='ocrx_word' id='word_1_89' title='bbox 1784 1822 2091 1919; x_wconf 81' lang='lat' dir='ltr'>Fogiam</span> <span class='ocrx_word' id='word_1_90' title='bbox 2122 1821 2573 1919; x_wconf 88' lang='lat' dir='ltr'>colloquium</span> 
     </span>
     <span class='ocr_line' id='line_1_15' title="bbox 387 1921 2571 2019; baseline 0 -26"><span class='ocrx_word' id='word_1_91' title='bbox 387 1922 715 1995; x_wconf 81' lang='lat' dir='ltr'>celebrat</span> <span class='ocrx_word' id='word_1_92' title='bbox 752 1923 1146 2018; x_wconf 64' lang='lat' dir='ltr'>generale.</span> <span class='ocrx_word' id='word_1_93' title='bbox 1204 1923 1569 2019; x_wconf 89' lang='lat' dir='ltr'>Specialis</span> <span class='ocrx_word' id='word_1_94' title='bbox 1610 1924 1919 1995; x_wconf 84' lang='lat' dir='ltr'>collecta</span> <span class='ocrx_word' id='word_1_95' title='bbox 1961 1948 2001 1995; x_wconf 92' lang='lat' dir='ltr'>a</span> <span class='ocrx_word' id='word_1_96' title='bbox 2037 1921 2327 1996; x_wconf 84' lang='lat' dir='ltr'>clericis</span> <span class='ocrx_word' id='word_1_97' title='bbox 2360 1924 2571 2019; x_wconf 82' lang='lat' dir='ltr'>regni</span> 
     </span>
     <span class='ocr_line' id='line_1_16' title="bbox 385 2020 1895 2119; baseline 0 -26"><span class='ocrx_word' id='word_1_98' title='bbox 385 2047 516 2119; x_wconf 91' lang='lat' dir='ltr'>pro</span> <span class='ocrx_word' id='word_1_99' title='bbox 557 2020 940 2095; x_wconf 89' lang='lat' dir='ltr'>beneficiis</span> <span class='ocrx_word' id='word_1_100' title='bbox 983 2023 1516 2096; x_wconf 88' lang='lat' dir='ltr'>ecclesiasticis</span> <span class='ocrx_word' id='word_1_101' title='bbox 1559 2023 1895 2118; x_wconf 79' lang='lat' dir='ltr'>exigitur.</span> 
     </span>
    </p>

    <p class='ocr_par' dir='ltr' id='par_1_5' title="bbox 382 2120 2570 2321">
     <span class='ocr_line' id='line_1_17' title="bbox 534 2120 2570 2220; baseline 0.001 -27"><span class='ocrx_word' id='word_1_102' title='bbox 534 2123 812 2194; x_wconf 86' lang='lat' dir='ltr'>Eodem</span> <span class='ocrx_word' id='word_1_103' title='bbox 866 2146 1132 2195; x_wconf 89' lang='lat' dir='ltr'>mense</span> <span class='ocrx_word' id='word_1_104' title='bbox 1182 2120 1378 2194; x_wconf 89' lang='lat' dir='ltr'>filius</span> <span class='ocrx_word' id='word_1_105' title='bbox 1432 2124 1634 2219; x_wconf 81' lang='lat' dir='ltr'>regis</span> <span class='ocrx_word' id='word_1_106' title='bbox 1675 2124 2001 2197; x_wconf 86' lang='lat' dir='ltr'>Castelle</span> <span class='ocrx_word' id='word_1_107' title='bbox 2042 2127 2131 2195; x_wconf 89' lang='lat' dir='ltr'>ad</span> <span class='ocrx_word' id='word_1_108' title='bbox 2172 2122 2570 2220; x_wconf 88' lang='lat' dir='ltr'>imperato·</span> 
     </span>
     <span class='ocr_line' id='line_1_18' title="bbox 382 2223 1366 2321; baseline 0.004 -30"><span class='ocrx_word' id='word_1_109' title='bbox 382 2246 542 2293; x_wconf 90' lang='lat' dir='ltr'>rem</span> <span class='ocrx_word' id='word_1_110' title='bbox 582 2233 762 2321; x_wconf 89' lang='lat' dir='ltr'>aput</span> <span class='ocrx_word' id='word_1_111' title='bbox 797 2223 1104 2320; x_wconf 83' lang='lat' dir='ltr'>Fogiam</span> <span class='ocrx_word' id='word_1_112' title='bbox 1142 2223 1366 2295; x_wconf 88' lang='lat' dir='ltr'>venit.</span> 
     </span>
    </p>

    <p class='ocr_par' dir='ltr' id='par_1_6' title="bbox 369 2321 2569 3425">
     <span class='ocr_line' id='line_1_19' title="bbox 533 2321 2569 2420; baseline 0 -27"><span class='ocrx_word' id='word_1_113' title='bbox 533 2323 608 2394; x_wconf 88' lang='lat' dir='ltr'>ln</span> <span class='ocrx_word' id='word_1_114' title='bbox 677 2323 955 2398; x_wconf 89' lang='lat' dir='ltr'>Sancto</span> <span class='ocrx_word' id='word_1_115' title='bbox 1022 2324 1400 2397; x_wconf 85' lang='lat' dir='ltr'>Germano</span> <span class='ocrx_word' id='word_1_116' title='bbox 1463 2323 1830 2420; x_wconf 81' lang='lat' dir='ltr'>magister</span> <span class='ocrx_word' id='word_1_117' title='bbox 1890 2323 2264 2396; x_wconf 88' lang='lat' dir='ltr'>Iohannes</span> <span class='ocrx_word' id='word_1_118' title='bbox 2330 2321 2569 2395; x_wconf 88' lang='lat' dir='ltr'>archi-</span> 
     </span>
     <span class='ocr_line' id='line_1_20' title="bbox 381 2424 2569 2522; baseline -0 -27"><span class='ocrx_word' id='word_1_119' title='bbox 381 2428 776 2521; x_wconf 85' lang='lat' dir='ltr'>presbyter</span> <span class='ocrx_word' id='word_1_120' title='bbox 828 2435 1029 2498; x_wconf 88' lang='lat' dir='ltr'>terre</span> <span class='ocrx_word' id='word_1_121' title='bbox 1083 2425 1450 2520; x_wconf 73' lang='lat' dir='ltr'>eiusdem,</span> <span class='ocrx_word' id='word_1_122' title='bbox 1507 2435 1582 2497; x_wconf 90' lang='lat' dir='ltr'>et</span> <span class='ocrx_word' id='word_1_123' title='bbox 1636 2424 1998 2522; x_wconf 81' lang='lat' dir='ltr'>magister</span> <span class='ocrx_word' id='word_1_124' title='bbox 2034 2426 2299 2499; x_wconf 87' lang='lat' dir='ltr'>Petrus</span> <span class='ocrx_word' id='word_1_125' title='bbox 2340 2424 2569 2496; x_wconf 87' lang='lat' dir='ltr'>frater</span> 
     </span>
     <span class='ocr_line' id='line_1_21' title="bbox 380 2525 2565 2626; baseline 0 -30"><span class='ocrx_word' id='word_1_126' title='bbox 380 2525 567 2622; x_wconf 67' lang='lat' dir='ltr'>eius7</span> <span class='ocrx_word' id='word_1_127' title='bbox 624 2527 832 2599; x_wconf 87' lang='lat' dir='ltr'>iussu</span> <span class='ocrx_word' id='word_1_128' title='bbox 887 2526 1356 2624; x_wconf 84' lang='lat' dir='ltr'>imperatoris</span> <span class='ocrx_word' id='word_1_129' title='bbox 1412 2552 1548 2626; x_wconf 90' lang='lat' dir='ltr'>per</span> <span class='ocrx_word' id='word_1_130' title='bbox 1601 2527 2022 2625; x_wconf 89' lang='lat' dir='ltr'>Philippum</span> <span class='ocrx_word' id='word_1_131' title='bbox 2073 2530 2165 2598; x_wconf 88' lang='lat' dir='ltr'>de</span> <span class='ocrx_word' id='word_1_132' title='bbox 2202 2526 2565 2600; x_wconf 88' lang='lat' dir='ltr'>Surrento</span> 
     </span>
     <span class='ocr_line' id='line_1_22' title="bbox 377 2625 2560 2725; baseline 0 -29"><span class='ocrx_word' id='word_1_133' title='bbox 377 2625 688 2698; x_wconf 90' lang='lat' dir='ltr'>militem</span> <span class='ocrx_word' id='word_1_134' title='bbox 710 2628 1151 2723; x_wconf 89' lang='lat' dir='ltr'>Capuanum</span> <span class='ocrx_word' id='word_1_135' title='bbox 1183 2638 1259 2699; x_wconf 91' lang='lat' dir='ltr'>et</span> <span class='ocrx_word' id='word_1_136' title='bbox 1286 2652 1422 2725; x_wconf 88' lang='lat' dir='ltr'>per</span> <span class='ocrx_word' id='word_1_137' title='bbox 1451 2633 1824 2724; x_wconf 87' lang='lat' dir='ltr'>quendam</span> <span class='ocrx_word' id='word_1_138' title='bbox 1850 2628 2172 2701; x_wconf 89' lang='lat' dir='ltr'>iudicem</span> <span class='ocrx_word' id='word_1_139' title='bbox 2194 2627 2560 2699; x_wconf 89' lang='lat' dir='ltr'>maiorem</span> 
     </span>
     <span class='ocr_line' id='line_1_23' title="bbox 375 2727 2561 2823; baseline 0.001 -27"><span class='ocrx_word' id='word_1_140' title='bbox 375 2727 571 2823; x_wconf 79' lang='lat' dir='ltr'>capti</span> <span class='ocrx_word' id='word_1_141' title='bbox 630 2737 828 2822; x_wconf 75' lang='lat' dir='ltr'>sunt⁷</span> <span class='ocrx_word' id='word_1_142' title='bbox 884 2736 959 2798; x_wconf 89' lang='lat' dir='ltr'>et</span> <span class='ocrx_word' id='word_1_143' title='bbox 1013 2751 1268 2798; x_wconf 88' lang='lat' dir='ltr'>eorum</span> <span class='ocrx_word' id='word_1_144' title='bbox 1324 2738 1498 2799; x_wconf 89' lang='lat' dir='ltr'>sunt</span> <span class='ocrx_word' id='word_1_145' title='bbox 1538 2728 1836 2800; x_wconf 88' lang='lat' dir='ltr'>mobilia</span> <span class='ocrx_word' id='word_1_146' title='bbox 1874 2727 2246 2821; x_wconf 70' lang='lat' dir='ltr'>infiscata.,</span> <span class='ocrx_word' id='word_1_147' title='bbox 2298 2727 2561 2798; x_wconf 90' lang='lat' dir='ltr'>immo-</span> 
     </span>
     <span class='ocr_line' id='line_1_24' title="bbox 374 2825 2561 2901; baseline -0.001 -2"><span class='ocrx_word' id='word_1_148' title='bbox 374 2826 542 2899; x_wconf 89' lang='lat' dir='ltr'>bilia</span> <span class='ocrx_word' id='word_1_149' title='bbox 595 2849 776 2898; x_wconf 89' lang='lat' dir='ltr'>vero</span> <span class='ocrx_word' id='word_1_150' title='bbox 829 2827 1078 2898; x_wconf 89' lang='lat' dir='ltr'>omnia</span> <span class='ocrx_word' id='word_1_151' title='bbox 1135 2837 1509 2898; x_wconf 87' lang='lat' dir='ltr'>annotata.</span> <span class='ocrx_word' id='word_1_152' title='bbox 1619 2828 1893 2901; x_wconf 85' lang='lat' dir='ltr'>Civitas</span> <span class='ocrx_word' id='word_1_153' title='bbox 1931 2826 2269 2899; x_wconf 88' lang='lat' dir='ltr'>Ferrarie</span> <span class='ocrx_word' id='word_1_154' title='bbox 2308 2851 2349 2897; x_wconf 90' lang='lat' dir='ltr'>a</span> <span class='ocrx_word' id='word_1_155' title='bbox 2390 2825 2561 2897; x_wconf 91' lang='lat' dir='ltr'>civi-</span> 
     </span>
     <span class='ocr_line' id='line_1_25' title="bbox 377 2926 2561 3024; baseline -0 -25"><span class='ocrx_word' id='word_1_156' title='bbox 377 2927 648 3000; x_wconf 90' lang='lat' dir='ltr'>tatibus</span> <span class='ocrx_word' id='word_1_157' title='bbox 685 2927 1130 3000; x_wconf 88' lang='lat' dir='ltr'>Lombardie</span> <span class='ocrx_word' id='word_1_158' title='bbox 1182 2927 1614 3024; x_wconf 90' lang='lat' dir='ltr'>imperatori</span> <span class='ocrx_word' id='word_1_159' title='bbox 1671 2926 2058 3000; x_wconf 85' lang='lat' dir='ltr'>contrariis</span> <span class='ocrx_word' id='word_1_160' title='bbox 2114 2950 2250 2999; x_wconf 91' lang='lat' dir='ltr'>nec</span> <span class='ocrx_word' id='word_1_161' title='bbox 2297 2950 2443 2997; x_wconf 91' lang='lat' dir='ltr'>non</span> <span class='ocrx_word' id='word_1_162' title='bbox 2485 2937 2561 2998; x_wconf 86' lang='lat' dir='ltr'>et</span> 
     </span>
     <span class='ocr_line' id='line_1_26' title="bbox 371 3028 2559 3126; baseline -0 -26"><span class='ocrx_word' id='word_1_163' title='bbox 371 3055 413 3100; x_wconf 89' lang='lat' dir='ltr'>a</span> <span class='ocrx_word' id='word_1_164' title='bbox 469 3028 772 3101; x_wconf 90' lang='lat' dir='ltr'>Venetis</span> <span class='ocrx_word' id='word_1_165' title='bbox 829 3029 1351 3126; x_wconf 69' lang='lat' dir='ltr'>impugnatur7</span> <span class='ocrx_word' id='word_1_166' title='bbox 1408 3038 1481 3100; x_wconf 90' lang='lat' dir='ltr'>et</span> <span class='ocrx_word' id='word_1_167' title='bbox 1532 3029 1915 3102; x_wconf 89' lang='lat' dir='ltr'>obsidetur</span> <span class='ocrx_word' id='word_1_168' title='bbox 1966 3051 2099 3126; x_wconf 90' lang='lat' dir='ltr'>per</span> <span class='ocrx_word' id='word_1_169' title='bbox 2146 3038 2425 3098; x_wconf 90' lang='lat' dir='ltr'>terram</span> <span class='ocrx_word' id='word_1_170' title='bbox 2484 3038 2559 3099; x_wconf 93' lang='lat' dir='ltr'>et</span> 
     </span>
     <span class='ocr_line' id='line_1_27' title="bbox 371 3127 2555 3228; baseline -0 -27"><span class='ocrx_word' id='word_1_171' title='bbox 371 3154 681 3226; x_wconf 81' lang='lat' dir='ltr'>aquam3</span> <span class='ocrx_word' id='word_1_172' title='bbox 719 3129 792 3200; x_wconf 90' lang='lat' dir='ltr'>in</span> <span class='ocrx_word' id='word_1_173' title='bbox 832 3154 973 3228; x_wconf 89' lang='lat' dir='ltr'>qua</span> <span class='ocrx_word' id='word_1_174' title='bbox 1005 3154 1138 3228; x_wconf 89' lang='lat' dir='ltr'>pro</span> <span class='ocrx_word' id='word_1_175' title='bbox 1169 3130 1625 3226; x_wconf 87' lang='lat' dir='ltr'>imperatore</span> <span class='ocrx_word' id='word_1_176' title='bbox 1658 3139 1820 3201; x_wconf 89' lang='lat' dir='ltr'>erat</span> <span class='ocrx_word' id='word_1_177' title='bbox 1848 3128 2149 3226; x_wconf 91' lang='lat' dir='ltr'>quidam</span> <span class='ocrx_word' id='word_1_178' title='bbox 2179 3127 2555 3200; x_wconf 80' lang='lat' dir='ltr'>AzolinuS.</span> 
     </span>
     <span class='ocr_line' id='line_1_28' title="bbox 369 3229 2555 3327; baseline 0 -27"><span class='ocrx_word' id='word_1_179' title='bbox 369 3230 784 3327; x_wconf 85' lang='lat' dir='ltr'>Imperator</span> <span class='ocrx_word' id='word_1_180' title='bbox 837 3255 880 3302; x_wconf 90' lang='lat' dir='ltr'>a</span> <span class='ocrx_word' id='word_1_181' title='bbox 937 3231 1094 3302; x_wconf 89' lang='lat' dir='ltr'>suis</span> <span class='ocrx_word' id='word_1_182' title='bbox 1147 3229 1590 3304; x_wconf 83' lang='lat' dir='ltr'>officialibus</span> <span class='ocrx_word' id='word_1_183' title='bbox 1648 3240 1931 3303; x_wconf 86' lang='lat' dir='ltr'>certam</span> <span class='ocrx_word' id='word_1_184' title='bbox 1971 3230 2200 3326; x_wconf 84' lang='lat' dir='ltr'>exigit</span> <span class='ocrx_word' id='word_1_185' title='bbox 2238 3229 2555 3325; x_wconf 88' lang='lat' dir='ltr'>pecunie</span> 
     </span>
     <span class='ocr_line' id='line_1_29' title="bbox 372 3329 887 3425; baseline 0.004 -26"><span class='ocrx_word' id='word_1_186' title='bbox 372 3329 887 3425; x_wconf 87' lang='lat' dir='ltr'>quantitatem.</span> 
     </span>
    </p>

    <p class='ocr_par' dir='ltr' id='par_1_7' title="bbox 363 3428 2554 3706">
     <span class='ocr_line' id='line_1_30' title="bbox 519 3428 2554 3528; baseline 0.001 -28"><span class='ocrx_word' id='word_1_187' title='bbox 519 3429 782 3502; x_wconf 88' lang='lat' dir='ltr'>Mense</span> <span class='ocrx_word' id='word_1_188' title='bbox 820 3429 1045 3502; x_wconf 89' lang='lat' dir='ltr'>Madii</span> <span class='ocrx_word' id='word_1_189' title='bbox 1092 3430 1503 3528; x_wconf 88' lang='lat' dir='ltr'>imperator</span> <span class='ocrx_word' id='word_1_190' title='bbox 1555 3440 2015 3528; x_wconf 82' lang='lat' dir='ltr'>congregato</span> <span class='ocrx_word' id='word_1_191' title='bbox 2073 3428 2404 3503; x_wconf 88' lang='lat' dir='ltr'>exercitu</span> <span class='ocrx_word' id='word_1_192' title='bbox 2462 3431 2554 3502; x_wconf 91' lang='lat' dir='ltr'>de</span> 
     </span>
     <span class='ocr_line' id='line_1_31' title="bbox 365 3530 2553 3629; baseline -0 -27"><span class='ocrx_word' id='word_1_193' title='bbox 365 3530 630 3629; x_wconf 90' lang='lat' dir='ltr'>Apulia</span> <span class='ocrx_word' id='word_1_194' title='bbox 686 3530 888 3602; x_wconf 90' lang='lat' dir='ltr'>venit</span> <span class='ocrx_word' id='word_1_195' title='bbox 924 3533 1289 3629; x_wconf 70' lang='lat' dir='ltr'>Capuam7</span> <span class='ocrx_word' id='word_1_196' title='bbox 1346 3541 1421 3604; x_wconf 92' lang='lat' dir='ltr'>et</span> <span class='ocrx_word' id='word_1_197' title='bbox 1473 3532 1637 3629; x_wconf 90' lang='lat' dir='ltr'>ipso</span> <span class='ocrx_word' id='word_1_198' title='bbox 1682 3536 2111 3625; x_wconf 74' lang='lat' dir='ltr'>mandante,</span> <span class='ocrx_word' id='word_1_199' title='bbox 2163 3531 2553 3602; x_wconf 87' lang='lat' dir='ltr'>Beneven-</span> 
     </span>
     <span class='ocr_line' id='line_1_32' title="bbox 363 3631 1634 3706; baseline 0.002 -4"><span class='ocrx_word' id='word_1_200' title='bbox 363 3642 520 3703; x_wconf 92' lang='lat' dir='ltr'>tum</span> <span class='ocrx_word' id='word_1_201' title='bbox 560 3631 634 3703; x_wconf 90' lang='lat' dir='ltr'>in</span> <span class='ocrx_word' id='word_1_202' title='bbox 675 3631 1165 3705; x_wconf 86' lang='lat' dir='ltr'>exterioribus</span> <span class='ocrx_word' id='word_1_203' title='bbox 1205 3633 1634 3706; x_wconf 87' lang='lat' dir='ltr'>divastatur.</span> 
     </span>
    </p>

    <p class='ocr_par' dir='ltr' id='par_1_8' title="bbox 360 3731 2549 4234">
     <span class='ocr_line' id='line_1_33' title="bbox 510 3731 2547 3831; baseline -0.002 -27"><span class='ocrx_word' id='word_1_204' title='bbox 510 3732 774 3805; x_wconf 86' lang='lat' dir='ltr'>Mense</span> <span class='ocrx_word' id='word_1_205' title='bbox 829 3733 1014 3805; x_wconf 90' lang='lat' dir='ltr'>lunii</span> <span class='ocrx_word' id='word_1_206' title='bbox 1068 3733 1475 3831; x_wconf 88' lang='lat' dir='ltr'>imperator</span> <span class='ocrx_word' id='word_1_207' title='bbox 1533 3759 1702 3806; x_wconf 92' lang='lat' dir='ltr'>cum</span> <span class='ocrx_word' id='word_1_208' title='bbox 1762 3731 2092 3807; x_wconf 89' lang='lat' dir='ltr'>exercitu</span> <span class='ocrx_word' id='word_1_209' title='bbox 2145 3753 2286 3802; x_wconf 88' lang='lat' dir='ltr'>suo</span> <span class='ocrx_word' id='word_1_210' title='bbox 2323 3752 2547 3826; x_wconf 88' lang='lat' dir='ltr'>quem</span> 
     </span>
     <span class='ocr_line' id='line_1_34' title="bbox 362 3831 2549 3930; baseline -0.001 -26"><span class='ocrx_word' id='word_1_211' title='bbox 362 3835 453 3904; x_wconf 91' lang='lat' dir='ltr'>de</span> <span class='ocrx_word' id='word_1_212' title='bbox 493 3856 728 3929; x_wconf 84' lang='lat' dir='ltr'>regno</span> <span class='ocrx_word' id='word_1_213' title='bbox 769 3834 1203 3930; x_wconf 66' lang='lat' dir='ltr'>collegerat,</span> <span class='ocrx_word' id='word_1_214' title='bbox 1258 3835 1462 3908; x_wconf 89' lang='lat' dir='ltr'>venit</span> <span class='ocrx_word' id='word_1_215' title='bbox 1515 3837 1607 3906; x_wconf 89' lang='lat' dir='ltr'>ad</span> <span class='ocrx_word' id='word_1_216' title='bbox 1662 3835 2019 3906; x_wconf 85' lang='lat' dir='ltr'>Sanctum</span> <span class='ocrx_word' id='word_1_217' title='bbox 2060 3831 2549 3924; x_wconf 78' lang='lat' dir='ltr'>Germanum,</span> 
     </span>
     <span class='ocr_line' id='line_1_35' title="bbox 364 3931 2547 4033; baseline -0.001 -30"><span class='ocrx_word' id='word_1_218' title='bbox 364 3933 482 4007; x_wconf 93' lang='lat' dir='ltr'>ubi</span> <span class='ocrx_word' id='word_1_219' title='bbox 532 3957 668 4030; x_wconf 88' lang='lat' dir='ltr'>per</span> <span class='ocrx_word' id='word_1_220' title='bbox 720 3957 856 4006; x_wconf 85' lang='lat' dir='ltr'>sex</span> <span class='ocrx_word' id='word_1_221' title='bbox 906 3935 1065 4007; x_wconf 90' lang='lat' dir='ltr'>dies</span> <span class='ocrx_word' id='word_1_222' title='bbox 1113 3959 1403 4008; x_wconf 89' lang='lat' dir='ltr'>moram</span> <span class='ocrx_word' id='word_1_223' title='bbox 1443 3935 1921 4033; x_wconf 59' lang='lat' dir='ltr'>protrahens..</span> <span class='ocrx_word' id='word_1_224' title='bbox 1976 3957 2016 4004; x_wconf 87' lang='lat' dir='ltr'>e</span> <span class='ocrx_word' id='word_1_225' title='bbox 2053 3931 2373 4027; x_wconf 83' lang='lat' dir='ltr'>vestigio</span> <span class='ocrx_word' id='word_1_226' title='bbox 2414 3954 2547 4029; x_wconf 92' lang='lat' dir='ltr'>per</span> 
     </span>
     <span class='ocr_line' id='line_1_36' title="bbox 364 4030 2544 4130; baseline -0.002 -25"><span class='ocrx_word' id='word_1_227' title='bbox 364 4034 730 4130; x_wconf 86' lang='lat' dir='ltr'>Aquinum</span> <span class='ocrx_word' id='word_1_228' title='bbox 779 4035 1178 4108; x_wconf 86' lang='lat' dir='ltr'>transitum</span> <span class='ocrx_word' id='word_1_229' title='bbox 1215 4037 1527 4130; x_wconf 64' lang='lat' dir='ltr'>faciem,</span> <span class='ocrx_word' id='word_1_230' title='bbox 1584 4045 1658 4108; x_wconf 91' lang='lat' dir='ltr'>et</span> <span class='ocrx_word' id='word_1_231' title='bbox 1710 4058 1974 4107; x_wconf 87' lang='lat' dir='ltr'>secum</span> <span class='ocrx_word' id='word_1_232' title='bbox 2026 4035 2309 4106; x_wconf 89' lang='lat' dir='ltr'>ducens</span> <span class='ocrx_word' id='word_1_233' title='bbox 2357 4030 2544 4103; x_wconf 90' lang='lat' dir='ltr'>Pan-</span> 
     </span>
     <span class='ocr_line' id='line_1_37' title="bbox 360 4133 2542 4234; baseline -0 -30"><span class='ocrx_word' id='word_1_234' title='bbox 360 4135 642 4208; x_wconf 86' lang='lat' dir='ltr'>dulfum</span> <span class='ocrx_word' id='word_1_235' title='bbox 682 4136 1066 4208; x_wconf 90' lang='lat' dir='ltr'>dominum</span> <span class='ocrx_word' id='word_1_236' title='bbox 1105 4137 1398 4234; x_wconf 55' lang='lat' dir='ltr'>Aquini7</span> <span class='ocrx_word' id='word_1_237' title='bbox 1455 4139 1650 4234; x_wconf 90' lang='lat' dir='ltr'>apud</span> <span class='ocrx_word' id='word_1_238' title='bbox 1693 4135 2022 4208; x_wconf 85' lang='lat' dir='ltr'>Insulam</span> <span class='ocrx_word' id='word_1_239' title='bbox 2065 4133 2309 4232; x_wconf 89' lang='lat' dir='ltr'>pontis</span> <span class='ocrx_word' id='word_1_240' title='bbox 2351 4133 2542 4205; x_wconf 88' lang='lat' dir='ltr'>sola-</span> 
     </span>
    </p>
   </div>
   <div class='ocr_carea' id='block_1_3' title="bbox 354 4258 790 4328">
    <p class='ocr_par' dir='ltr' id='par_1_9' title="bbox 354 4258 790 4328">
     <span class='ocr_line' id='line_1_38' title="bbox 354 4258 790 4328; baseline 0.014 -19"><span class='ocrx_word' id='word_1_241' title='bbox 354 4258 402 4328; x_wconf 86' lang='lat' dir='ltr'>a)</span> <span class='ocrx_word' id='word_1_242' title='bbox 443 4259 709 4314; x_wconf 71' lang='grc' dir='ltr'>0οοοοίοῇ</span> <span class='ocrx_word' id='word_1_243' title='bbox 748 4279 790 4315; x_wconf 89' lang='lat' dir='ltr'>c.</span> 
     </span>
    </p>
   </div>
  </div>
 </body>
</html>
