3050 4900
1265 458 1344 529 A.
1410 459 1623 531 1232.
2397 456 2536 527 113

355 660 772 754 danipnum,
826 658 1019 755 quod
1065 664 1311 751 posset
1356 659 1762 752 continyere
1811 680 1899 728 ecc
1930 656 2283 750 imperitia
2322 653 2539 726 medi·

355 785 625 855 corum,
661 761 978 833 iubemus
1013 760 1085 829 in
1117 764 1480 851 posterum
1509 756 1775 832 nullum
1806 755 2057 829 medici
2082 756 2359 828 titulum
2383 777 2543 848 pre-

354 862 748 935 tendentem
787 858 1054 932 audere
1084 860 1482 952 practicen-i
1519 858 1726 929 aliter
1762 856 1871 930 vel
1902 856 2189 949 mederi,
2232 857 2371 928 nisi
2406 854 2543 927 Sa·

355 961 533 1033 lerni
583 961 816 1057 primo
867 962 942 1031 in
997 964 1344 1031 conventu
1377 957 1667 1052 publico
1720 958 2233 1051 mayistrorum
2282 955 2543 1027 iudicio

358 1061 872 1155 comprobatus
907 1083 1066 1132 cum
1104 1056 1737 1131 testimonialibus⁸¹
1778 1058 1865 1129 de
1896 1057 2037 1144 lide
2072 1063 2141 1129 et
2172 1056 2548 1143 sufficienti

355 1163 654 1234 scientia
704 1159 952 1233 litteris
999 1166 1150 1231 tam
1200 1162 1713 1253 maqistrorum
1767 1182 1984 1253 quam
2043 1157 2546 1230 ordinatorum

357 1268 806 1354 nostrorum,
878 1260 980 1331 ad
1033 1262 1466 1352 presentiam
1529 1265 1855 1331 nostram
1919 1258 2028 1330 vel
2086 1257 2381 1329 alterius
2430 1257 2551 1351 qui

357 1362 560 1435 nobis
599 1386 644 1433 a
683 1384 902 1455 reyno
943 1360 1350 1433 absentibus
1383 1361 1454 1430 in
1494 1381 1713 1453 reyno
1752 1360 2174 1433 remanserit
2228 1360 2372 1430 vice
2424 1380 2549 1429 no-

357 1469 539 1555 stra,
593 1462 973 1533 ordinatus
1023 1459 1394 1553 accedens,
1449 1483 1498 1530 a
1551 1460 1755 1531 nobis
1802 1457 1912 1529 vel
1958 1459 2051 1531 ab
2104 1482 2186 1531 eo
2224 1456 2553 1535 medendi

359 1562 714 1634 licentiam
751 1566 1256 1654 consequatur,
1298 1581 1494 1652 pena
1551 1559 1901 1630 bonorum
1950 1582 2247 1631 suorum
2301 1563 2365 1631 et
2420 1578 2549 1628 an-

359 1662 550 1735 nalis
601 1662 918 1733 carceris
968 1661 1368 1731 imminente
1419 1658 1588 1751 hiis,
1643 1660 1762 1753 qui
1812 1664 2069 1731 contra
2122 1658 2257 1729 hoc
2310 1661 2551 1729 nostre

361 1763 764 1835 serenitatis
801 1760 1104 1833 edictum
1141 1761 1305 1831 ausi
1336 1761 1603 1844 fuerint
1635 1761 1705 1829 in
1737 1764 2103 1851 posterum
2127 1759 2549 1852 practicari.

509 1861 594 1933 In
606 1857 666 1905 ¹¹⁷
693 1867 892 1931 terra
916 1858 1229 1955 qualibet
1252 1861 1454 1954 reyni
1476 1866 1719 1931 nostre
1741 1858 2002 1931 dicioni
2027 1860 2342 1931 subiecta
2369 1857 2553 1931 duos

362 1964 909 2055 circumspectos
945 1967 1016 2031 et
1044 1959 1182 2046 fide
1219 1959 1474 2054 diynos
1510 1959 1835 2033 volumus
1870 1960 2222 2049 ordinari,
2278 1966 2344 2029 et
2392 1981 2549 2030 cor-

360 2062 603 2157 porali
651 2062 743 2131 ab
781 2064 880 2131 eis
922 2061 1218 2153 prestito
1267 2065 1730 2131 sacramento
1782 2061 2022 2151 teneri,
2078 2082 2377 2153 quorum
2428 2081 2553 2129 no-

363 2164 558 2235 mina
597 2160 698 2233 ad
733 2162 1008 2231 curiam
1047 2164 1372 2231 nostram
1409 2162 1790 2251 mittentur,
1843 2158 1972 2230 sub
2027 2181 2327 2252 quorum
2363 2160 2553 2229 testi-

361 2262 692 2351 ficatione
745 2259 1133 2331 electuaria
1177 2260 1490 2353 sciroppi
1524 2265 1590 2330 et
1624 2258 1964 2331 medicine
1998 2258 2321 2353 leqaliter
2350 2261 2553 2350 fiant,

365 2368 436 2435 et
466 2363 568 2433 sic
603 2362 807 2446 sacta
845 2358 1286 2452 vendantur5
1336 2359 1625 2432 Salerni
1660 2361 1969 2431 maxime
1999 2383 2131 2454 per
2166 2359 2555 2454 mayistros

367 2466 439 2534 in
472 2463 748 2556 phisica
781 2463 910 2532 hec
947 2459 1270 2532 volumus
1307 2461 1728 2554 approbari.
1803 2461 2120 2533 Presenti
2155 2462 2367 2531 etiam
2404 2459 2554 2552 leqe

367 2565 768 2656 statuimus,
809 2568 890 2632 ut
921 2559 1154 2633 nullus
1190 2563 1260 2632 in
1299 2561 1651 2633 medicina
1690 2561 1797 2634 vel
1829 2563 2169 2657 cyruryia
2204 2562 2341 2632 nisi
2379 2565 2556 2653 aput

370 2662 752 2736 Salernum
807 2668 1014 2753 reyat
1057 2661 1127 2732 in
1181 2683 1425 2756 reyno,
1479 2685 1609 2734 nec
1658 2663 1989 2756 mayistri
2038 2685 2295 2734 nomen
2351 2683 2556 2732 assu-

369 2769 544 2856 mat,
581 2763 717 2834 nisi
753 2761 1118 2854 diliyenter
1155 2763 1610 2833 examinatus
1644 2765 1717 2832 in
1750 2765 2111 2854 presentia
2143 2760 2453 2848 fidelium
2490 2765 2561 2830 et

369 2865 882 2957 maqistrorum
922 2863 1102 2932 artis
1138 2860 1470 2933 eiusdem.
1582 2863 2034 2948 Conficientes
2088 2863 2303 2932 etiam
2340 2859 2557 2931 medi-

371 2965 596 3053 cinas,
651 2968 1110 3034 sacramento
1168 2961 1649 3054 corporaliter
1697 2964 1989 3053 prestito
2027 2960 2353 3032 volumus
2388 2959 2559 3031 obli-

371 3065 556 3158 9ari,
595 3070 674 3134 ut
705 3064 903 3157 ipsas
938 3063 1139 3132 iuxta
1180 3063 1359 3134 artis
1395 3069 1464 3132 et
1495 3063 1853 3133 hominum
1894 3062 2274 3157 qualitates
2302 3063 2372 3131 in
2398 3084 2556 3154 pre-

372 3167 600 3236 sentia
639 3166 1038 3234 iuratorum
1079 3164 1500 3253 conficiant5
1556 3165 1673 3256 qui
1708 3164 1770 3234 si
1804 3163 2398 3255 contravenerint,
2436 3161 2557 3232 bo·

373 3287 628 3334 norum
657 3285 950 3334 suorum
980 3262 1338 3334 mobilium
1367 3265 1714 3340 sententia
1742 3263 2365 3356 condempnentur.
2427 3260 2557 3332 Or-

374 3363 602 3436 dinati
654 3385 845 3456 vera,
898 3384 1200 3456 quorum
1250 3362 1417 3450 fidei
1466 3369 1632 3434 sunt
1676 3362 2001 3454 predicta
2039 3367 2445 3455 commissa,
2499 3361 2563 3434 si

371 3462 708 3548 fraudem
760 3463 830 3531 in
879 3461 1149 3532 credito
1200 3463 1372 3555 ipsis
1405 3464 1644 3549 officio
1679 3466 2112 3536 commisisse
2143 3463 2560 3557 probentur,

373 3563 619 3635 ultimo
657 3560 1000 3654 supplicio
1034 3561 1402 3646 feriendos.
1427 3587 1809 3636 censemus.

527 3663 636 3734 De
673 3659 1246 3734 'aleatoribusffiz
1319 3661 1561 3734 Mores
1612 3661 1949 3735 dissolute
2001 3667 2373 3735 viventium
2432 3665 2558 3732 im-

368 3764 600 3858 posite
633 3785 810 3855 pene
843 3762 1226 3848 formidine
1265 3762 1366 3834 ad
1397 3765 1677 3858 fruyem
1698 3764 2027 3835 ‘melioris
2061 3766 2195 3834 vite
2226 3762 2562 3834 reducere

377 3865 750 3958 cupientes,
790 3865 1189 3952 statuimus,
1229 3887 1349 3934 eos
1384 3865 1504 3958 qui
1542 3863 1643 3936 ad
1669 3863 1907 3936 datios
1935 3886 2021 3934 ex
2048 3864 2367 3960 quadam
2398 3885 2563 3934 con-

375 3964 744 4036 suetudine
778 3963 1051 4056 ludunt,
1105 3969 1176 4034 et
1222 3966 1292 4034 in
1340 3963 1509 4035 ludo
1564 3965 1719 4056 ipso
1770 3965 2094 4036 continue
2132 3985 2560 4035 conversan-

378 4072 514 4158 tur,
570 4071 645 4136 ut
696 4063 868 4135 nulli
922 4064 1046 4135 alii
1090 4070 1347 4136 vacent
1391 4066 1629 4150 officio
1684 4064 1769 4136 de
1823 4087 1962 4159 quo
2012 4067 2275 4156 vivant,
2328 4063 2563 4136 taber-

379 4199 426 4268 ει)
468 4217 652 4254 eorum
687 4203 911 4269 primum
949 4200 1196 4267 additum,
1235 4204 1340 4252 tum
1377 4201 1620 4253 deletum.

378 4297 477 4380 47)
525 4297 563 4361 ι.
609 4300 666 4370 3,
714 4299 801 4359 tit.
849 4299 947 4361 47.
1119 4296 1220 4378 48)
1271 4295 1306 4356 ι.
1353 4298 1411 4369 3,
1459 4295 1549 4362 tit.
1594 4295 1695 4362 90.
