3050 4900
529 478 670 552 124
929 472 1496 549 RYCCARDUS
1548 472 1673 546 DE
1724 470 1797 545 S.
1856 471 2317 546 GERMANO

523 675 894 775 imperiali
947 676 1149 747 curie
1203 674 1670 773 presentabit
1722 676 1859 746 sub
1918 698 2054 747 suo
2113 683 2189 745 et
2238 682 2555 771 quatuor
2592 676 2719 745 bo-

525 802 792 850 norum
865 776 1198 849 virorum
1271 774 1959 849 ecclesiasticorum
2026 773 2291 887 sigillis
2354 774 2716 869 signatas.

525 880 916 953 Clamores
977 888 1234 949 tamen
1299 886 1560 949 contra
1626 898 1759 949 eos
1814 876 2094 971 factos,
2163 875 2287 973 qui
2350 874 2717 947 officiales

523 1004 674 1051 non
715 989 916 1074 sunt,
969 978 1315 1051 decident
1363 976 1729 1051 iustitiarii
1766 977 2188 1074 regionum.
2262 974 2423 1049 Hiis
2462 974 2715 1071 curiis,

522 1081 633 1153 bis
663 1080 736 1151 in
770 1100 966 1151 anno
995 1089 1075 1151 ut
1103 1078 1381 1150 dictum
1411 1089 1532 1151 est
1559 1078 2057 1167 celebrandis„
2092 1078 2513 1149 intererunt
2538 1099 2715 1174 qua-

519 1192 688 1253 tuor
723 1182 816 1252 de
853 1179 1182 1276 qualibet
1215 1202 1494 1276 magna
1536 1178 1863 1277 civitate⁷
1899 1182 1991 1252 de
2022 1176 2457 1253 melioribus
2484 1187 2713 1270 terre,

521 1286 715 1355 bone
753 1278 922 1351 fidei
961 1289 1037 1351 et
1064 1283 1258 1352 bone
1290 1279 1687 1377 opinioniS‚
1727 1279 1952 1376 etqui
1984 1303 2133 1351 non
2166 1277 2314 1350 sint
2339 1281 2432 1351 de
2463 1287 2712 1375 parte3

524 1381 615 1453 (le
663 1379 827 1452 aliis
883 1403 1064 1451 vero
1123 1402 1268 1451 non
1323 1380 1619 1477 magnis
1678 1391 1752 1453 et
1808 1380 1899 1451 (le
1939 1378 2264 1452 castellis
2303 1381 2447 1451 duo
2486 1378 2711 1450 inter·

525 1491 744 1554 erunt
789 1480 1012 1553 curiis
1063 1479 1274 1578 ipsis.
1356 1480 1653 1561 ‚Prelati
1704 1503 1886 1553 vero
1937 1482 2300 1574 locorum,
2354 1478 2713 1551 nisi¹cer-

519 1592 678 1655 tam
727 1583 1056 1654 habeant
1101 1582 1667 1655 excusationem
1708 1584 1901 1679 quod
1941 1581 2315 1653 interesse
2354 1603 2502 1650 non
2538 1602 2713 1677 pos-

523 1684 705 1777 sint,
761 1681 1104 1756 similiter
1160 1683 1578 1755 intererunt
1634 1683 1921 1755 eisdem
1974 1680 2239 1777 curiis,
2296 1689 2371 1753 et
2424 1679 2714 1753 durabit

521 1782 724 1855 curia
781 1806 917 1879 per
969 1792 1136 1855 octo
1191 1782 1379 1878 dies,
1433 1783 1506 1854 in
1548 1783 1813 1880 quibus
1856 1782 1996 1854 nisi
2037 1780 2367 1879 expediri
2407 1780 2709 1877 negotia

519 1884 685 1981 ipsa
725 1892 1102 1980 poterunt,
1156 1884 1680 1981 prorogabitur
1714 1883 1787 1955 in
1828 1883 1989 1955 dies
2028 1881 2473 1980 quindecim.
2564 1880 2711 1967 Qui

521 1994 774 2057 autem
813 1983 1256 2069 intererunt„
1292 1985 1458 2057 loco
1497 1984 1959 2083 prelatorum
2000 1982 2123 2080 qui
2152 1982 2529 2055 inteiesse
2558 2004 2706 2052 non

522 2094 878 2200 poterunt
925 2085 1502 2181 denuntiabunt,
1576 2085 1639 2157 si
1696 2085 1821 2183 qui
1881 2094 2057 2156 sunt
2104 2084 2176 2156 in
2232 2107 2495 2156 eorum
2544 2104 2710 2180 pro

518 2185 762 2259 vincia
800 2184 1142 2283 patereni
1176 2187 1299 2258 vel
1335 2186 1666 2259 heretica
1704 2184 2077 2285 pravitate
2120 2183 2403 2280 infecti,
2459 2192 2538 2254 ut
2592 2206 2708 2255 se-

517 2286 834 2359 veritate
895 2286 1140 2359 debita
1207 2287 1631 2384 puniantur.
1736 2287 1935 2358 Loca
2004 2281 2273 2359 autem
2315 2284 2387 2356 in
2440 2283 2707 2382 quibus

521 2396 698 2461 sunt
733 2394 1011 2460 statute
1051 2387 1281 2484 curie⁷
1336 2397 1509 2460 sunt
1546 2386 1723 2460 hec:
1760 2387 1841 2459 In
1872 2367 2121 2460 Sicilia
2160 2395 2340 2485 aput
2366 2384 2708 2478 Platiam‚

515 2488 589 2559 in
621 2487 965 2561 Calabria
1000 2498 1198 2560 terra
1233 2491 1352 2560 101
1355 2489 1524 2560 dam
1566 2498 1638 2560 et
1668 2488 1894 2560 Vallis
1934 2499 2176 2584 grate,
2214 2496 2394 2584 aput
2420 2487 2705 2560 Cusen-

513 2587 718 2660 tiam.
790 2587 871 2659 In
907 2587 1170 2687 Apulia
1212 2589 1631 2688 Capitinata
1687 2601 1761 2664 et
1814 2589 2239 2683 Basilicam,
2294 2597 2474 2700 aput
2526 2586 2706 2658 Gra-

514 2687 790 2760 vinam.
881 2689 960 2762 In
1003 2689 1444 2796 principatu
1460 2700 1659 2762 terra
1699 2690 2005 2764 Laboris
2046 2700 2121 2763 et
2159 2687 2514 2760 comitatu
2551 2687 2705 2758 Mo-

511 2788 658 2862 lisii
697 2813 1010 2888 usque
988 2789 1281 2886 Soram,
1336 2802 1516 2888 aput
1568 2791 1987 2864 Salernum.
2093 2791 2175 2862 In
2228 2787 2703 2862 iustitiariatu

512 2892 839 2987 Aprutii‚
911 2901 1092 2988 aput
1140 2891 1603 2964 Sulmonam.
1709 2892 2042 2989 Tempus
2097 2901 2351 2962 autem
2406 2889 2702 2987 quando

516 2995 1046 3087 congregande
1103 3002 1279 3064 sunt
1335 2993 1563 3063 curie.
1622 2991 1761 3063 erit
1806 2992 1883 3063 in
1933 2991 2289 3065 Kalendis
2326 2989 2575 3086 Madii⁷
2629 2998 2704 3060 et

511 3088 829 3164 finient
812 3103 936 3163 ιη’
986 3090 1340 3164 Kalendis
1378 3092 1864 3188 Novembris·
1916 3092 1989 3164 in
2031 3093 2298 3206 quib-us
2338 3089 2705 3187 magister
2738 3183 2747 3188 -

511 3189 977 3284 iustitiarius‚
1013 3190 1406 3263 iustitiarii.
1447 3192 1790 3289 magistri
1820 3192 2239 3288 camerarii,
2280 3188 2702 3286 camerarii.

509 3290 736 3363 baiuli
805 3303 880 3364 et
929 3291 1049 3363 alii
1101 3289 1464 3366 officiales
1522 3294 1753 3390 curie,
1806 3294 2111 3392 prelati,
2168 3293 2523 3386 comites
2576 3296 2701 3365 ba-

509 3408 764 3486 rorieS,
812 3391 1016 3464 cives
1057 3403 1132 3464 et
1169 3393 1484 3465 aliorum
1522 3395 1856 3467 locorum
1895 3395 2354 3468 habitatores
2394 3347 2701 3491 quilibet

508 3491 582 3564 in
635 3515 772 3564 sua
821 3492 1232 3591 provincia,
1284 3503 1631 3593 tempore
1683 3506 1757 3568 et
1803 3495 1987 3568 locis
2028 3494 2360 3593 prefixiS‚
2417 3494 2487 3565 in
2529 3517 2697 3591 pre-

509 3592 754 3666 sentia
803 3593 1034 3708 legati
1089 3594 1500 3692 imperialis
1557 3597 1962 3668 convenire
2015 3605 2403 3690 tenentur,
2469 3617 2700 3714 super

507 3693 884 3768 universis
941 3705 1016 3768 et
1063 3694 1382 3792 singulis
1439 3721 1585 3794 que
1619 3696 2071 3768 constitutio
2134 3697 2468 3769 continet
2528 3703 2697 3794 p'ro-

507 3795 818 3868 cessuri.

655 3895 921 3970 Mense
972 3895 1352 3970 Februarii
1408 3899 1501 3968 de
1551 3895 1797 3971 Sicilia
1855 3898 1927 3970 in
1985 3899 2403 3974 Calabriam
2454 3909 2697 3970 trans-

493 3995 730 4068 fretat
778 3996 1210 4094 imperator7
1267 4007 1342 4069 et
1395 3998 1665 4071 exinde
1712 3999 1787 4070 in
1824 3999 2171 4096 Apuliam
2222 4001 2447 4071 venit.
2538 3999 2697 4071 Hoc

505 4119 774 4169 mense
812 4108 887 4170 et
924 4103 1188 4173 mense
1226 4097 1568 4169 Ianuario
1609 4100 1961 4196 preterito
2000 4110 2205 4173 tanta
2243 4099 2380 4172 fuit
2417 4101 2698 4172 habun-

504 4197 754 4270 dantia
804 4199 1068 4295 pruine
1125 4207 1200 4269 et
1234 4197 1465 4293 nivis,
1523 4203 1717 4296 quod
1774 4225 1905 4298 pre
1960 4211 2421 4300 tempestate
2474 4200 2696 4272 famis

504 4321 551 4389 a)
591 4321 630 4376 s.
671 4321 708 4374 i.
747 4326 800 4374 in
839 4324 1076 4388 marqine
1113 4323 1295 4375 eadem
1335 4339 1508 4377 manu.
