3050 4900
1262 524 1342 589 A.
1406 520 1618 592 1239.
2398 518 2539 590 139

347 719 514 793 ciali
569 718 920 791 mandato
973 720 1304 813 neayistri
1358 719 1764 807 iustitiarii5
1818 724 1885 787 et
1934 718 2051 807 qui
2089 722 2538 811 accesserint,

347 844 490 893 non
510 822 1020 915 permittantur
1047 819 1278 890 redire
1305 820 1453 890 sine
1484 816 1835 888 mandato
1865 820 2076 889 curie.
2148 816 2317 889 Item
2349 818 2545 913 quod

345 928 763 993 statuantur
815 918 1328 1013 exploratores,
1383 942 1469 989 ne
1519 920 1674 1013 qui-s
1717 918 2083 989 masculus
2132 917 2239 989 vel
2271 920 2541 1003 femina

348 1013 688 1094 intrando
746 1042 1040 1114 reynum
1090 1026 1328 1113 portet
1371 1018 1677 1112 papales
1723 1017 2001 1089 litteras
2051 1024 2305 1088 contra
2344 1042 2542 1090 cesa-

349 1146 498 1193 rem
513 1148 542 1213 ,·
594 1124 781 1213 item,
836 1127 914 1191 ut
961 1122 1078 1215 qui
1123 1122 1444 1190 inventus
1481 1120 1697 1202 fuerit
1732 1125 1985 1189 contra
2025 1140 2341 1189 cesarem
2382 1118 2543 1189 illas

346 1228 720 1318 p03·tans⁸,
791 1220 1034 1291 ultimo
1090 1218 1431 1314 supplicio
1485 1221 1830 1311 puniatur
1880 1242 2265 1311 suspensus
2282 1245 2307 1308 ,-
2376 1226 2439 1288 et
2484 1219 2545 1289 si

347 1323 747 1416 portaverit
795 1320 1068 1392 litteras
1121 1319 1206 1390 de
1257 1318 1646 1419 credentia,
1700 1325 2007 1412 θυραίαν
2043 1320 2361 1405 confiteri
2396 1342 2542 1389 mo·

352 1423 520 1493 dum
559 1427 623 1491 et
674 1428 984 1491 tenorem
1037 1418 1406 1491 credentie.
1507 1418 1597 1488 Et
1643 1421 1705 1489 si
1758 1420 2110 1503 confessio
2150 1418 2319 1490 ledit
2352 1420 2543 1510 prin-

349 1524 597 1615 cipem,
637 1520 880 1611 eodem
919 1518 1180 1590 iudicio
1213 1524 1582 1611 puniatur,
1620 1521 1762 1588 sive
1800 1518 2096 1589 clericus
2124 1521 2267 1588 sive
2294 1519 2545 1611 laycus

349 1623 584 1706 fuerit.

502 1720 674 1817 Ipso
730 1742 998 1789 mense
1053 1716 1240 1789 lunii
1290 1716 1966 1812 Sanctagathensis
2026 1726 2100 1787 et
2148 1716 2542 1790 Calvensis

355 1817 689 1916 episcopi
755 1818 1072 1891 Romam
1139 1820 1474 1912 vadunt,
1532 1816 1744 1889 missi
1801 1820 1892 1889 ab
1943 1816 2396 1914 imperatore
2452 1821 2542 1891 ad

354 1920 806 2015 cardinales3
863 1930 980 1991 set
1031 1943 1069 1989 a
1124 1943 1318 2017 papa
1371 1917 1678 2015 repulsi,
1734 1918 1807 1990 in
1856 1942 2174 2013 regnum
2232 1919 2395 1991 sine
2438 1921 2540 1991 ef-

352 2022 550 2093 fectu
591 2023 930 2091 redeunt.
987 2020 1264 2093 Civitas
1295 2018 1610 2089 Tervisii
1648 2042 1785 2115 per
1812 2018 2236 2089 Albericum
2277 2022 2365 2090 de
2402 2020 2542 2091 Ro-

353 2145 578 2193 mano
637 2129 713 2190 et
765 2118 1155 2191 Ezolinum
1205 2120 1297 2190 de
1353 2118 1663 2192 Camino
1722 2118 2036 2189 rebellat
2088 2117 2541 2215 imperatori.

354 2223 637 2294 Eodem
679 2243 946 2291 mense
983 2219 1252 2289 iterum
1294 2216 1414 2289 alii
1457 2218 1579 2315 qui
1618 2228 2146 2289 remanserant
2193 2219 2542 2291 monachi

341 2322 446 2394 'de
479 2319 937 2392 monasterio
971 2319 1492 2414 excluduntur,
1532 2317 1797 2415 quibus
1830 2318 2055 2390 simul
2080 2342 2249 2390 cum
2282 2320 2541 2417 primis

357 2420 681 2496 exclusis
723 2419 996 2493 morari
1037 2430 1216 2518 aput
1251 2420 1533 2492 Vallem
1575 2418 1719 2491 luci
1760 2418 2143 2517 provisum
2188 2431 2327 2517 est,
2367 2445 2543 2519 pau-

358 2523 464 2596 cis
505 2521 906 2594 admodum
946 2522 1017 2593 in
1058 2521 1517 2594 monasterio
1559 2522 2145 2594 remanentibus,

505 2623 770 2696 Mense
818 2622 979 2694 Iulii
1029 2623 1389 2694 Ravenna
1445 2622 1758 2694 rebellat
1801 2621 2263 2721 imperatori,
2318 2648 2539 2719 quam

356 2723 622 2796 Veneti
659 2723 1027 2820 recipiunt
1066 2732 1139 2792 et
1174 2733 1479 2793 tuentur
1517 2747 1604 2793 eo
1647 2746 1935 2794 mense.

509 2824 871 2895 Homines
922 2833 1122 2894 terre
1167 2823 1606 2895 monasterii
1647 2826 2050 2893 mandante
2089 2821 2543 2919 imperatore

360 2923 649 2996 absenti
705 2923 1099 2998 Casinensi
1163 2923 1407 2996 abbati
1471 2933 1548 2993 et
1602 2947 1861 2995 secum
1919 2922 1990 2993 in
2049 2946 2185 2994 suo
2244 2922 2548 2994 servitio

359 3025 852 3096 commoranti
904 3047 1038 3122 per
1087 3033 1652 3096 sacramentum
1704 3022 1932 3094 vitam
1991 3035 2441 3096 assecurant
2474 3033 2550 3096 et

361 3129 691 3198 menbra.
792 3125 1202 3222 Gregorius
1255 3149 1449 3222 papa
1487 3127 1580 3196 de
1618 3125 1819 3197 Urbe
1860 3123 2066 3195 venit
2101 3125 2546 3219 Anagniam.

359 3227 778 3322 Imperator
815 3228 905 3297 de
945 3225 1182 3320 gratia
1217 3225 1596 3297 concessit
1624 3225 1818 3297 dicto
1851 3225 2243 3298 Casinensi
2276 3225 2547 3320 abbati,

358 3336 439 3396 ut
497 3335 651 3396 tam
721 3325 1259 3397 monasterium
1316 3324 1733 3399 Casinense
1790 3351 2013 3422 quam
2070 3349 2336 3397 omnes
2390 3349 2548 3397 mo-

359 3425 581 3497 nachi
620 3435 694 3496 et
733 3424 919 3496 celle
961 3423 1121 3496 eius
1161 3447 1205 3495 a
1242 3425 1606 3522 generali,
1661 3429 1851 3523 quod
1893 3431 1983 3498 ab
2023 3423 2187 3498 aliis
2228 3425 2549 3521 exigitur

360 3525 703 3599 ecclesiis
759 3524 1001 3621 regni,
1056 3525 1415 3597 adiutorio
1458 3537 1720 3598 essent
1755 3526 2153 3600 immunes.
2263 3529 2545 3600 Eodem

358 3650 627 3699 mense
679 3625 840 3698 Iulii
890 3625 1110 3698 tertia
1161 3625 1242 3698 fit
1300 3627 1631 3700 exclusio
1679 3629 2220 3699 monachorum
2261 3629 2351 3699 de
2391 3651 2515 3698 mo

359 3726 690 3800 nasterio
722 3726 1138 3821 Casinensi,
1169 3752 1482 3826 quorum
1518 3727 1821 3825 quidam
1851 3737 2034 3824 aput
2052 3727 2342 3798 Vallem
2373 3727 2546 3822 luci,

360 3827 659 3926 quidam
700 3837 881 3926 aput
907 3828 1265 3902 Sanctum
1293 3829 1597 3902 Petrum
1628 3827 2091 3922 monasterii,
2133 3837 2206 3898 et
2246 3826 2543 3924 quidam

359 3953 651 4001 moram
690 3929 942 4001 facere
972 3927 1044 4000 in
1078 3940 1474 4026 parentum
1510 3928 1851 4001 domibus
1893 3927 2321 4026 elegerunt,
2361 3939 2434 4000 et
2470 3929 2542 4000 in

359 4029 525 4128 ipso
579 4028 1038 4102 monasterio
1096 4055 1245 4101 non
1300 4030 1445 4104 nisi
1495 4040 1663 4102 octo
1715 4039 2007 4102 tantum
2061 4029 2412 4102 monachi
2451 4031 2541 4102 ad

361 4130 892 4203 celebrandum
931 4129 1003 4201 in
1044 4153 1132 4202 eo
1171 4129 1415 4204 divina
1457 4129 1704 4203 officia
1752 4140 2305 4225 remanserunt,
2366 4154 2543 4228 quo-

359 4253 523 4300 rum
580 4232 883 4303 nomina
924 4241 1101 4304 sunt
1134 4231 1312 4304 hec:
1367 4232 1600 4304 frater
1635 4233 2062 4326 Ryccardus
2101 4234 2191 4304 de
2230 4230 2541 4329 Septem

358 4353 408 4424 a)
445 4364 741 4423 portantem
785 4373 829 4409 c.

1902 4432 2038 4503 10·
