3050 4900
613 546 618 550 ,
732 470 1296 549 RYCCARDUS
1349 468 1474 545 or.
1527 469 1607 543 s,
1661 464 2177 545 GERMANo.
2405 470 2545 545 159
2650 558 2657 563 ,

699 672 840 733 Hoc
883 672 1192 733 intuentes
1237 689 1460 731 omnes
1506 669 1611 751 qui
1657 670 1938 744 aderant,

779 754 964 828 Quod
1013 754 1159 815 mibi
1203 754 1288 815 ita
1336 756 1496 815 vires
1544 752 1925 829 defecerant,

776 838 870 897 De
913 857 1014 897 me
1059 835 1375 909 diffidunt,
1423 843 1482 899 et
1525 838 1675 898 satis
1722 836 2041 912 esitant⁰⁵,

778 922 1079 1002 Tuncque
1124 921 1358 981 debere
1401 940 1503 982 me
1552 919 1709 983 mori
1756 927 2103 983 autumant.

695 1006 868 1065 Tunc
913 1004 1016 1084 qui
1068 1024 1204 1065 sum
1252 1005 1416 1065 visus
1463 1002 1604 1063 fore
1650 1004 1946 1077 deterior,

777 1086 845 1147 In
890 1086 998 1149 illa
1043 1087 1146 1147 die
1188 1086 1386 1149 factus
1431 1106 1567 1149 sum
1618 1086 1867 1163 melior-3

778 1170 876 1231 Fit
920 1190 1173 1251 quoque
1216 1172 1480 1231 morbus
1527 1169 1769 1232 validus
1814 1170 2031 1240 levior.

779 1254 878 1313 Me
923 1253 1190 1315 visitanti
1238 1253 1315 1313 de
1362 1273 1488 1333 quo
1536 1254 1863 1335 regratior.

689 1336 804 1399 Die
851 1346 1108 1417 paratur
1150 1355 1323 1398 nono
1371 1336 1740 1409 elleborum,

775 1420 972 1481 Dulce
1011 1420 1189 1501 quod
1237 1440 1364 1481 non
1411 1427 1507 1481 est
1555 1429 1617 1481 ut
1662 1420 1787 1482 mel
1834 1428 1935 1483 aut
1980 1438 2330 1494 zuccarurrn

774 1503 960 1576 Quod
1008 1504 1446 1581 magistrorum
1495 1511 1753 1581 propter
1795 1503 2203 1567 ministerium

775 1584 926 1647 Mihi
971 1584 1296 1645 confertur
1341 1584 1402 1643 in
1449 1584 1864 1663 refrigerium.

691 1667 760 1727 ln
808 1667 954 1729 tanti
1003 1666 1150 1729 mihi
1199 1686 1386 1729 causa
1435 1667 1695 1747 periculi

777 1750 936 1813 Satis
982 1750 1040 1812 id
1087 1752 1350 1813 contulit
1395 1750 1793 1819 adminiculi:

774 1834 926 1895 Nam
975 1842 1121 1895 tunc
1166 1835 1402 1915 egressi
1451 1834 1505 1893 vi
1548 1834 1779 1913 sumpti
1828 1836 2035 1915 poculi

775 1918 919 1979 Mox
964 1916 1276 1979 leviantur
1317 1926 1378 1979 et
1420 1918 1599 1981 frons
1646 1926 1706 1982 et
1746 1918 1939 1981 oculi.

691 2000 798 2061 Est
844 2018 1006 2081 quae
1052 2006 1196 2061 tunc
1241 2009 1369 2063 erat
1419 1999 1681 2066 nathrae
1716 2000 1851 2063 filia

769 2080 994 2143 Carior
1039 2083 1188 2148 mihi
1231 2102 1425 2169 quam
1467 2082 1675 2162 campi
1721 2084 1872 2158 lilia,

769 2166 974 2240 Quam
1021 2167 1100 2227 ad
1143 2184 1434 2229 carorum
1481 2185 1633 2229 sana
1682 2168 1941 2231 consilia

771 2248 1139 2329 Legitimavi
1187 2250 1266 2313 ad
1314 2249 1639 2329 optabilia.

690 2332 762 2393 Et
807 2332 1182 2411 desponsavi
1230 2341 1487 2393 matrem
1536 2333 1784 2395 realiter

773 2414 849 2476 Et
895 2434 1108 2477 coram
1155 2415 1359 2478 multis
1399 2416 1910 2495 praesentialiter

776 2499 1041 2560 Anulum
1091 2500 1256 2576 dedi,
1303 2501 1588 2562 osculum
1638 2501 1886 2581 pariter,

769 2580 974 2642 Voluit
1022 2584 1188 2644 Deus
1235 2584 1342 2657 sic,
1388 2589 1448 2643 et
1494 2603 1621 2644 non
1666 2584 1865 2648 aliter.

685 2663 785 2725 Oh
827 2665 940 2724 Dei
987 2666 1107 2726 mei
1153 2666 1637 2746 omnipotentia!

771 2748 931 2827 Erga
979 2768 1078 2808 me
1120 2746 1237 2810 fuit
1280 2758 1508 2830 quanta
1555 2749 1904 2823 clementia,

769 2830 891 2903 Qui
939 2831 1141 2892 morbi
1189 2840 1390 2892 mutas
1436 2832 1595 2894 haec
1637 2832 1988 2894 accidentia

768 2913 1032 2976 lusanae
1077 2916 1299 2976 mentis
1345 2915 1865 2977 convalescentia.

686 2997 856 3057 Haec
903 3005 1004 3057 tua
1049 2997 1198 3057 mihi
1243 2997 1355 3060 fnit
1399 2997 1769 3077 indignatio,

767 3081 903 3140 Non
950 3081 1278 3161 aegritudo
1325 3082 1433 3144 sed
1480 3081 1775 3156 visitatio,

765 3162 1008 3224 Utinam
1058 3184 1170 3244 per
1215 3172 1276 3224 te
1320 3167 1399 3226 sit
1444 3165 1822 3238 emendatio,

765 3246 968 3320 Quam
1015 3246 1194 3306 decet
1238 3247 1615 3309 christianus
1661 3256 1722 3310 et
1767 3247 2173 3310 collaudatio.

683 3328 803 3402 Qui
846 3329 1148 3389 relevavit
1195 3330 1436 3408 lapsum
1485 3331 1590 3412 qui
1638 3331 1877 3404 cecidit,

765 3411 868 3472 Me
913 3411 1238 3492 castigavit
1282 3431 1397 3473 nec
1443 3415 1625 3474 morti
1674 3414 1954 3490 tradidit3

764 3492 856 3554 Illi
906 3494 1260 3565 RiccarduS,
1306 3515 1490 3576 quem
1538 3495 1700 3558 vitae
1744 3497 2034 3572 reddidit,

765 3577 1177 3656 Regratiatur,
1223 3579 1329 3660 qui
1375 3585 1572 3640 metra
1619 3581 1917 3646 condidit.

683 3659 776 3721 nli
822 3659 900 3720 sit
943 3659 1167 3734 honor,
1211 3661 1404 3723 virtus
1449 3670 1512 3724 et
1556 3663 1777 3743 gloria,

768 3745 1020 3804 Summa
1068 3752 1365 3824 potestaS,
1410 3765 1652 3807 summa
1700 3746 1990 3820 victoria3

767 3824 876 3886 Cui
923 3845 1091 3887 mors
1136 3835 1198 3888 et
1241 3828 1362 3891 vita
1412 3828 1639 3901 favent,
1685 3836 1747 3889 et
1792 3829 2003 3890 omnia

765 3907 928 3971 Vivit
971 3917 1034 3970 et
1075 3919 1294 3989 regnat
1336 3912 1506 3973 Deus
1550 3911 1612 3970 in
1661 3911 1933 3976 saecula.

511 3990 872 4071 Gregorius.
959 3991 1365 4074 Sequentium
1423 4013 1631 4056 rerum
1690 3995 1998 4056 certitudo
2059 4003 2151 4057 est
2208 3999 2527 4076 praeteri—

345 4081 543 4136 tarum
606 4074 941 4136 exhibitio:
1001 4077 1246 4137 coelum
1305 4084 1369 4139 et
1423 4087 1585 4140 terra
1634 4078 2014 4148 transibunt,
2074 4081 2261 4140 verba
2318 4090 2524 4143 autem

345 4176 483 4220 mea
516 4177 640 4220 non
675 4157 1120 4237 praeteribunt.
1181 4160 1274 4220 Nil
1307 4159 1369 4220 in
1401 4179 1608 4221 rerum
1636 4162 2059 4240 corporalium
2092 4171 2308 4225 natura
2344 4165 2525 4228 coelo

343 4295 445 4372 65)
487 4296 525 4357 i.
571 4318 630 4377 q.
677 4296 1008 4358 haesitant.
