3050 4900
1185 443 1267 514 A.
1332 445 1543 517 1241.
1607 444 1819 518 1242.
2396 447 2528 519 151

349 646 566 741 viter,
604 642 1254 741 archiepiscopum
1285 642 1729 738 Barensem,
1763 653 1837 715 et
1865 643 2315 740 magistrum
2342 646 2539 743 Rog-

350 745 644 845 gen-ium
684 744 1260 816 Porcastressum
1300 769 1435 842 pro
1474 767 1662 841 pace
1699 743 1993 839 legatos
2034 744 2273 816 mittit.

497 844 924 918 Patriarcha
953 844 1484 942 Aquilegensis
1525 868 1657 943 pro
1697 845 1893 917 facto
1924 846 2403 918 Tartaromm
2443 848 2535 919 ad

349 971 524 1019 eum
564 945 789 1017 venit.

499 1047 781 1119 Eodem
847 1068 1116 1118 mense
1171 1044 1539 1118 Henricus
1605 1044 2151 1143 primogenitus
2216 1045 2537 1142 impera-

346 1148 529 1219 toris
591 1157 845 1218 tentus
909 1148 1102 1243 apud
1169 1147 1679 1218 Martoranum
1744 1146 2059 1218 naturali
2118 1157 2360 1219 morte
2415 1146 2534 1218 de-

344 1247 714 1344 fungitur,
765 1270 902 1345 pro
962 1246 1172 1319 cuius
1222 1245 1557 1343 exequiis
1610 1246 2075 1320 celebrandis
2130 1248 2540 1345 imperator

346 1348 510 1446 ipse
550 1351 638 1420 ad
680 1371 947 1420 omnes
985 1347 1199 1444 regni
1238 1347 1568 1445 prelatos
1609 1371 1786 1420 suas
1842 1348 2089 1445 dirigit
2134 1348 2424 1422 litteras
2460 1347 2535 1418 in

347 1450 488 1520 hac
552 1450 791 1521 forma
819 1446 919 1519 ⁶¹:
994 1448 1414 1519 Fredericus
1477 1457 1601 1519 etc.
1668 1449 1915 1520 abbati
1978 1451 2348 1521 Casinensi
2408 1455 2532 1520 etc.

346 1549 844 1622 Misericordia
891 1550 992 1642 pii
1031 1551 1269 1641 patris
1318 1552 1544 1619 severi
1589 1548 1841 1619 iudicis
1891 1555 2323 1643 exuperante
2356 1548 2536 1621 iudi-

346 1652 528 1721 cium
547 1661 598 1744 ⁸,
664 1650 957 1721 Henrici
1003 1650 1456 1745 primoyeniti
1507 1651 1736 1720 nostri
1786 1650 2021 1734 fatum
2071 1648 2311 1743 luyere
2346 1672 2537 1721 com-

337 1749 694 1843 pellimur,
749 1750 1217 1821 lacrimarum
1273 1749 1366 1820 ab
1417 1750 1678 1820 intimis
1733 1750 2065 1821 educente
2114 1756 2383 1821 natura
2435 1750 2536 1821 di-

348 1849 634 1939 luvium,
690 1873 873 1945 quas
924 1850 1192 1936 offense
1241 1848 1452 1921 dolor
1488 1856 1555 1919 et
1588 1851 1845 1921 iustitie
1881 1852 2081 1944 riyor
2114 1851 2537 1921 intrinsecus

346 1950 850 2037 obfirmabant.
909 1949 1367 2021 Mirabuntur
1389 1950 1703 2034 forsitan
1733 1950 1872 2021 diri
1892 1956 2164 2043 patres,
2201 1951 2533 2021 invictum

341 2050 639 2144 publicis
708 2050 1026 2121 hostibus
1087 2072 1406 2121 cesarem
1469 2048 1717 2121 dolore
1776 2049 2165 2121 domestico
2222 2052 2537 2145 potuisse

345 2152 683 2225 convinci.
735 2149 1106 2222 Subiectus
1127 2155 1232 2220 est
1247 2155 1488 2220 tamen
1509 2148 1877 2221 cuiuslibet
1890 2151 2231 2243 principis
2252 2151 2536 2221 animus

345 2251 796 2347 quantumvis
857 2250 1129 2345 riyidus
1188 2256 1448 2321 nature
1510 2249 1947 2322 dominantis
1997 2252 2329 2344 imperio,
2403 2274 2535 2345 que

346 2352 514 2423 dum
570 2353 754 2422 vires
804 2373 983 2422 suas
1029 2355 1305 2421 exercet
1349 2351 1422 2420 in
1459 2350 1848 2445 quemlibet,
1904 2349 2091 2445 leyes
2137 2357 2203 2422 et
2250 2372 2536 2423 cesares

344 2475 487 2524 non
546 2454 891 2546 aynoscit.
986 2451 1350 2544 Fatemur,
1404 2451 1599 2546 quod
1650 2453 1770 2548 qui
1803 2453 1939 2522 vivi
1974 2455 2162 2546 reyis
2196 2453 2535 2546 superbia

341 2555 524 2638 flecti
557 2554 1014 2646 nequivimuS,
1065 2573 1316 2624 sumus
1361 2553 1670 2624 eiusdem
1721 2551 1847 2638 filii
1892 2555 2122 2625 nostri
2154 2577 2333 2624 casu
2368 2576 2534 2624 con-

344 2655 524 2724 victi.
625 2652 888 2724 Sumus
939 2659 1175 2724 tamen
1231 2675 1474 2723 eorum
1531 2676 1656 2724 nec
1703 2655 1919 2746 primi
1952 2677 2080 2725 nec
2114 2651 2362 2746 ultimi,
2418 2656 2537 2748 qui

347 2753 768 2824 detrimenta
821 2753 1269 2845 pertulerunt
1327 2753 2002 2847 transyredientium
2060 2752 2406 2845 filiorum,
2468 2759 2537 2824 et

343 2851 794 2924 nihilominus
832 2851 1114 2924 illorum
1149 2855 1410 2937 funera
1441 2852 1927 2946 deplorarunt.
1990 2854 2200 2924 Luaeit
2225 2875 2533 2948 namque

343 2952 562 3026 Davit
613 2953 848 3025 triduo
896 2955 1443 3047 primoyenitum
1481 2951 1945 3045 Absalonem,
2001 2959 2067 3024 et
2110 2955 2183 3025 in
2218 2951 2538 3046 Pompeii

341 3056 583 3148 yeneri
615 3056 728 3126 sui
761 3055 1051 3147 cineres,
1103 3055 1474 3139 fortunam
1529 3060 1602 3125 et
1646 3056 1966 3125 animam
2016 3056 2249 3126 soceri
2297 3077 2533 3148 perse-

342 3157 649 3248 quentis,
720 3157 1141 3247 maynificus
1192 3155 1304 3226 ille
1345 3154 1567 3227 Iulius
1610 3157 1891 3248 primus
1956 3155 2180 3226 Cesar
2234 3160 2535 3248 paterne

338 3254 624 3346 pietatis
672 3253 1007 3339 affectum
1059 3258 1127 3322 et
1173 3253 1526 3325 lacrimas.
1568 3277 1709 3326 non
1762 3257 2088 3348 neyavit:
2141 3278 2270 3328 nec
2321 3254 2532 3328 dolor

344 3352 740 3424 acerrimus
777 3375 862 3424 ex
898 3354 1466 3447 transyressione
1502 3361 1906 3448 conceptus,
1960 3361 2067 3427 est
2104 3356 2367 3443 efficax
2394 3380 2531 3450 pa-

340 3452 655 3524 rentibus
682 3451 1032 3524 medicina
1063 3451 1355 3545 doloris,
1388 3453 1584 3547 quod
1606 3456 1677 3525 in
1707 3455 1899 3526 obitu
1923 3455 2230 3543 filiorum
2260 3463 2530 3528 natura

336 3559 690 3648 punyente
726 3576 870 3625 non
908 3551 1221 3646 doleant,
1276 3559 1531 3626 contra
1581 3560 1921 3628 naturam
1972 3581 2017 3628 a
2052 3556 2212 3644 filiis
2246 3556 2406 3628 licet
2438 3559 2531 3626 ir-

341 3660 742 3726 reverenter
768 3655 1042 3741 offensi.
1123 3653 1456 3728 Nolentes
1487 3657 1705 3750 iyitur
1751 3679 1887 3728 nos
1936 3661 2003 3726 et
2036 3678 2180 3726 non
2216 3655 2531 3728 valentes

218 3754 223 3759 ’
339 3755 536 3825 circa
586 3753 888 3847 predicti
931 3754 1058 3842 filii
1102 3757 1332 3826 nostri
1373 3758 1593 3841 funus
1639 3759 1979 3846 omittere,
2036 3777 2169 3850 que
2202 3762 2370 3826 sunt
2396 3779 2528 3850 pa-

339 3855 491 3946 tris,
529 3853 894 3941 fidelitatib
925 3854 1380 3946 precipiendo
1409 3855 1870 3948 mandamus,
1910 3856 2247 3951 quatinus
2270 3878 2397 3950 per
2424 3861 2528 3928 to-

340 3960 492 4026 tam
531 3953 904 4025 abbatiam
942 3957 1214 4026 cunctis
1248 3955 1520 4028 clericis
1556 3962 1626 4028 et
1647 3957 1891 4028 ceteris
1916 3954 2239 4044 fidelibus
2265 3957 2533 4030 nostris

341 4053 708 4150 iniunyas,
782 4059 861 4125 ut
912 4055 1060 4126 eius
1116 4057 1450 4150 exequias
1506 4057 1701 4128 omni
1753 4079 1911 4128 cum
1971 4056 2341 4129 devotione
2386 4057 2527 4130 sol-

341 4188 392 4254 a)
431 4186 632 4241 iucium
672 4205 719 4245 c.
868 4191 923 4258 b)
964 4200 1052 4243 tue
1091 4193 1339 4242 insertum
1375 4195 1579 4244 recenti
1612 4207 1787 4245 manu.

339 4277 442 4359 61)
493 4279 674 4339 etiam
721 4279 784 4340 in
830 4279 991 4341 Petri
1037 4279 1114 4342 de
1159 4280 1355 4340 Vinea
1401 4279 1547 4342 dict.
1593 4280 1694 4354 lv,
1745 4282 1798 4344 1.
