3050 4900
515 480 610 551 76
919 473 1484 547 RYCCARDUS
1538 474 1661 547 DE
1714 474 1787 547 S.
1845 474 2305 547 GERMANO

513 680 872 749 cedentes
911 675 1106 770 inde.
1162 673 1733 746 Presentianum
1774 674 2139 771 optinent
2192 670 2593 747 Venafrum
2634 682 2711 745 et

512 777 776 851 Sernia
819 800 953 873 per
991 775 1291 847 nuntios
1333 797 1417 847 se
1457 773 1595 846 sibi
1635 776 1970 846 reddunt.
2068 776 2369 848 Pretam
2410 797 2709 871 quoque

517 902 650 977 per
697 878 847 949 vim
905 876 1248 973 optinent
1319 884 1394 947 et
1451 878 1915 971 Vayranum7
1986 898 2077 945 ac
2132 885 2365 946 totam
2423 885 2704 946 terram

511 978 834 1051 filiorum
893 974 1226 1050 Pandulfi
1283 1000 1524 1072 usque
1583 974 1920 1071 Calvum,
1976 980 2197 1071 quod
2216 975 2559 1047 similiter
2594 998 2706 1046 re-

513 1079 796 1177 cipiunt
845 1080 936 1150 ad
988 1101 1178 1173 opus
1235 1075 1581 1147 ecclesie.
1679 1076 1911 1147 Teani
1968 1098 2259 1148 necnon
2315 1074 2578 1147 civitas
2632 1085 2708 1146 et

513 1180 876 1256 Calenum
941 1177 1254 1249 veniunt
1315 1179 1404 1249 ad
1473 1176 1907 1248 mandatum
1972 1200 2191 1273 pape.
2299 1177 2508 1248 Tunc
2568 1198 2709 1273 per

511 1279 1048 1353 Flancolisium
1089 1278 1229 1349 iter
1264 1278 1553 1351 habens
1584 1276 1983 1348 exercitus.
2022 1276 2389 1349 Suessam
2418 1300 2503 1348 se
2534 1300 2706 1347 con-

511 1382 679 1453 tulit
727 1379 864 1453 sibi
922 1400 1055 1475 pro
1103 1377 1250 1451 fide
1307 1378 1591 1450 cesaris
1630 1377 2157 1469 resistentem3
2214 1401 2442 1474 quam
2478 1377 2703 1473 longa

517 1481 700 1554 satis
755 1478 1141 1553 obsidione
1199 1488 1564 1551 arctatam
1618 1501 1789 1549 cum
1843 1477 1993 1549 iam
2044 1478 2249 1549 cives
2289 1477 2708 1575 inciperent

515 1581 678 1655 sitis
719 1579 1068 1695 squalore
1107 1578 1457 1665 deficere,
1512 1602 1659 1649 non
1710 1588 2062 1649 curantes
2101 1582 2451 1650 arborum
2492 1590 2569 1652 et
2604 1577 2707 1648 vi-

513 1683 698 1754 tium
752 1680 1202 1773 incisioneS,
1267 1719 1358 1733 --
1425 1678 1597 1750 illuc
1660 1678 1860 1749 enim
1927 1688 2241 1751 venerat
2291 1679 2707 1776 apostolice

515 1783 717 1855 sedis
753 1782 1054 1876 legatus
1093 1779 1439 1875 Pelagius
1477 1778 1927 1853 Albanensis
1968 1780 2370 1877 episcopus
2402 1822 2491 1835 -
2533 1778 2707 1852 civi-

512 1892 747 1955 tatem
807 1881 1048 1977 ipsam
1106 1879 1478 1975 recipiunt
1532 1881 1623 1950 ad
1688 1903 1877 1975 opus
1952 1904 2193 1977 pape
2264 1905 2559 1953 necnon
2633 1890 2709 1952 et

515 1981 937 2076 castellum,
976 1982 1171 2093 quod
1211 1980 1504 2051 munire
1544 1978 2044 2053 servientibus
2084 1991 2574 2075 curaverunt3
2632 1990 2709 2052 et

515 2084 1013 2180 procedentes
1069 2080 1267 2173 inde,
1321 2104 1594 2152 versus
1638 2103 1939 2151 roccam
1976 2081 2340 2154 Draconis
2380 2036 2708 2178 dirig’unt

514 2207 830 2281 gressus
871 2204 1074 2255 suos.
1137 2180 1378 2268 Quam
1422 2180 1950 2278 circumposita
1990 2181 2379 2256 obsidione
2416 2191 2708 2254 arctan-

512 2294 660 2379 tes,
711 2283 883 2355 villa
933 2282 1138 2380 prius
1177 2282 1508 2353 inferiori
1546 2291 1877 2379 optenta⁷
1934 2292 2010 2353 et
2064 2306 2210 2353 una
2249 2285 2341 2355 de
2376 2284 2706 2357 turribus

514 2408 654 2484 per
688 2386 838 2456 vim
879 2392 1098 2480 capta
1164 2392 1284 2454 et⁸
1336 2381 1539 2454 diros
1587 2382 1937 2495 insultus,
1990 2369 2188 2455 facta
2229 2406 2400 2456 cum
2440 2384 2705 2457 castel-

513 2487 687 2558 lano
729 2483 1274 2581 compositione
1311 2506 1609 2554 roccam
1649 2483 1894 2579 ipsam
1932 2485 2431 2559 obtinuerunt.
2496 2486 2709 2557 Tunc

515 2585 858 2658 Gaietani
891 2607 1061 2655 cum
1095 2582 1505 2655 castellano
1529 2583 1817 2655 castelli
1839 2596 2410 2683 componentes,
2440 2585 2709 2658 castel-

515 2687 667 2758 lum
719 2684 1091 2781 iecipiunt
1145 2686 1235 2756 ad
1285 2705 1558 2754 manus
1608 2707 1809 2756 suas.
1914 2686 2005 2757 Et
2065 2696 2246 2758 tunc
2304 2711 2441 2784 pel
2489 2687 2707 2759 Alba-

515 2809 837 2859 nensem
869 2785 1308 2882 episcopum
1341 2784 1876 2856 Gaietanorum
1908 2785 2195 2879 civitaS‚
2233 2788 2403 2884 quia
2437 2811 2707 2884 parere

519 2889 779 2959 nolunt
818 2885 1166 2978 ecclesie,
1224 2885 1671 2981 supponitur
1723 2885 2133 2958 interdicta
2206 2889 2414 2960 Tunc
2452 2889 2707 2981 etiam,

515 2989 682 3086 ipso
713 2989 962 3083 legato
993 2987 1424 3080 mandante,
1453 2985 1647 3058 dicto
1680 2984 2071 3059 Casinensi
2101 2989 2346 3061 abbati
2374 2999 2707 3061 castrum

515 3088 935 3162 restituitur
969 3086 1470 3159 Pedemontis.

669 3185 984 3260 Predicti
1023 3185 1288 3282 Aquini
1346 3186 1626 3258 domini
1676 3187 2080 3261 Pandulfus
2138 3197 2213 3260 et
2262 3188 2709 3284 RobbertuS,

520 3287 818 3359 civitate
853 3285 1121 3384 Aquini
1157 3286 1416 3359 relicta
1458 3291 1916 3383 se'Capuam
1960 3288 2381 3385 conferunt,
2436 3290 2706 3363 ibidem

519 3412 665 3459 una
724 3411 892 3459 cum
951 3387 1312 3485 magistro
1365 3387 1758 3460 iustitiario
1812 3398 1886 3460 et
1919 3389 2249 3482 Nycolao
2300 3393 2392 3462 de
2430 3390 2710 3484 Cicala,

520 3488 643 3586 qui
685 3499 899 3560 erant
934 3486 1005 3559 in
1049 3512 1163 3584 ea,
1219 3490 1307 3559 ad
1349 3490 1635 3560 cesaris
1676 3488 2061 3561 servitium
2104 3491 2483 3562 moraturi.

666 3588 1042 3687 Aquinum
1067 3588 1253 3686 ipsis
1277 3588 1801 3661 recedentibus
1822 3589 2146 3662 dominis
2165 3590 2369 3663 venit
2392 3594 2483 3662 ad
2504 3613 2711 3662 man-

519 3692 776 3762 datum
836 3689 1198 3783 ecclesie7
1269 3689 1819 3761 Pontecurvum
1886 3688 2112 3761 etiam
2178 3701 2253 3762 et
2302 3701 2455 3763 tota
2508 3701 2710 3762 terra

521 3789 982 3863 monasterii.
1091 3791 1417 3862 Roccam
1472 3790 1789 3884 Bantre⁷
1862 3789 1933 3860 in
1992 3815 2134 3887 qua
2193 3792 2491 3888 quidam
2552 3800 2712 3863 erat

522 3892 978 3963 castellanus
1040 3889 1364 3988 Apulus7
1435 3889 1735 3986 quidam
1798 3889 2035 3986 ipsius
2097 3891 2328 3987 legati
2393 3891 2710 3965 clericus

521 3991 730 4065 Oddo
788 3993 879 4063 de
935 3991 1354 4063 Machilone
1412 3990 1719 4062 nomine
1774 3990 2037 4088 recipit
2092 3994 2183 4064 ad
2241 4016 2432 4090 opus
2488 4015 2712 4107 pape,

521 4094 693 4164 (lata
748 4091 991 4165 eidem
1049 4090 1459 4164 castellano
1515 4093 1839 4187 quadam
1899 4091 2217 4190 pecunie
2260 4092 2711 4206 quantitate.

521 4192 728 4264 Tunc
758 4192 1058 4289 quidam
1089 4191 1534 4264 Guilielrnus
1564 4195 1656 4263 de
1686 4193 1900 4289 Sora,
1936 4193 2058 4291 qui
2089 4217 2225 4290 pro
2256 4193 2714 4292 imperatore

522 4313 570 4383 a)
611 4321 664 4366 et
704 4323 825 4384 post
864 4315 918 4366 d.
979 4313 1088 4367 ..2
1129 4313 1182 4367 3.
1221 4316 1322 4369 sed
1355 4327 1464 4369 vox
1500 4330 1607 4370 non
1646 4319 1836 4385 ἱερέων
1871 4321 1925 4372 in
1964 4333 2010 4370 0.
