3050 4900
1322 384 1406 455 A.
1469 342 1681 461 1234.
2466 392 2606 465 125

420 582 653 657 multa
691 582 921 655 millia
958 583 1210 655 ovium
1249 583 1323 655 in
1360 585 1629 683 Apulia
1668 597 2167 683 morerentur,
2220 586 2607 663 silvestres

418 686 644 759 etiam
684 686 921 758 bestie
979 694 1052 757 et
1105 683 1272 781 ipse
1326 685 1675 759 volucres
1730 709 1865 783 pre
1920 687 2121 761 fame
2172 686 2609 783 deficerent,

417 797 494 859 et
548 809 694 883 quo
747 808 832 857 se
883 793 1270 857 verterent
1319 785 1783 883 ign-orarent,
1840 810 2007 865 cum
2062 787 2331 886 ubique
2378 799 2605 861 terra·

414 910 580 959 rum
629 884 754 957 nix
811 894 1062 980 esset,
1117 895 1194 957 et
1241 884 1412 983 ipsa
1461 886 1691 959 etiam
1742 884 2050 961 flumina
2104 889 2382 961 fuerint
2432 913 2604 963 con·

411 989 702 1085 gelata3
753 996 832 1059 et
886 986 1112 1059 etiam
1169 990 1363 1085 quod
1418 986 1616 1060 olive
1672 997 1747 1059 et
1800 986 1943 1061 alie
1994 992 2305 1063 arbores
2356 988 2605 1063 fructi-

411 1090 571 1163 fere
599 1087 930 1159 arefacte
961 1096 1224 1159 essent
1251 1108 1344 1159 ex
1371 1088 1549 1184 gelu
1578 1086 1836 1184 nimio,
1870 1088 2219 1165 homines
2248 1094 2602 1189 despera-

409 1189 652 1263 biliter
687 1196 1270 1259 murmurarent.

559 1290 976 1385 Imperator
1025 1289 1117 1359 de
1139 1286 1418 1385 Apulia
1460 1287 1774 1361 venitin
1812 1298 2093 1363 terram
2130 1290 2469 1385 Laboris,
2524 1300 2598 1363 et
2646 1296 2770 1423 3:¹-

406 1401 584 1462 tunc
633 1393 726 1461 ab
777 1389 919 1461 ista
971 1398 1184 1486 parte
1222 1390 1478 1485 Capue
1515 1386 1677 1463 fieri
1716 1412 1947 1487 super
1980 1400 2289 1487 pontem
2332 1392 2598 1463 castel·
2654 1443 2765 1496 ‚um

404 1492 562 1563 lum
598 1488 826 1575 iubet„
881 1490 1076 1585 quod
1113 1488 1279 1585 ipse
1318 1512 1547 1561 manu
1584 1489 1885 1586 propria
1926 1490 2419 1587 consignavit.
2514 1492 2593 1565 ln
2634 1534 2796 1585 super

403 1588 738 1687 Neapoly
769 1588 994 1661 etiam
1033 1587 1524 1659 munitionem
1566 1588 1841 1661 factam
1879 1590 2197 1687 precipit
2232 1590 2594 1689 ampliari.
2640 1606 2785 1659 9⁰¹¹·-

401 1690 633 1788 Operi
673 1688 962 1761 castelli
979 1690 1083 1761 'de
1113 1688 1396 1786 Capua,
1427 1699 1503 1761 ut
1540 1688 1755 1761 citius
1790 1689 1945 1787 fiat,
1985 1692 2333 1789 preponit
2356 1693 2593 1786 Nyco-
2612 1670 2801 1803 cinffie
2846 1769 2855 1777 ,

399 1792 602 1863 laum
647 1790 739 1861 de
773 1787 1052 1886 Cicala,
1091 1788 1207 1861 cui
1243 1812 1517 1863 omnes
1548 1788 1751 1863 iubet
1776 1792 2165 1865 intendere
2194 1816 2239 1863 a
2264 1792 2591 1865 Miniano
2672 1807 2748 1860 fii.

399 1914 641 1991 usque
673 1891 1032 1987 Capuam.
1093 1890 1176 1963 ln
1207 1890 1472 1963 Gaieta
1507 1915 1643 1988 pro
1675 1892 2129 1989 imperatore
2159 1916 2295 1990 per
2322 1893 2590 1967 Hecto-

398 2016 559 2064 rem
600 1987 690 2061 de
725 1992 977 2063 Monte
1005 1990 1322 2061 Fuscoio
1358 1991 1518 2063 fere
1558 1994 1657 2064 30
1692 2002 1937 2065 turres
1976 1992 2513 2066 custodiuntur.

545 2090 814 2163 Mense
849 2088 1073 2162 Madii
1109 2088 1520 2186 imperator
1554 2114 1693 2186 per
1728 2091 2091 2163 Sanctum
2124 2092 2588 2165 Germanum

395 2193 686 2264 habens
724 2189 1150 2285 transitum,
1203 2201 1383 2288 aput
1434 2192 1669 2263 Reate
1726 2194 1817 2263 ad
1869 2216 2143 2290 papam
2180 2192 2405 2288 vadit,
2458 2195 2586 2265 du·

397 2315 577 2365 cens
628 2314 890 2363 secum
941 2291 1364 2365 Conradum
1417 2289 1651 2363 filium
1706 2316 1955 2387 suum,
2010 2303 2086 2367 et
2139 2316 2227 2365 se
2282 2295 2375 2366 ad
2426 2316 2584 2365 ser-

393 2392 656 2465 vitium
709 2390 1034 2465 ecclesie
1083 2414 1472 2490 exponens
1525 2400 1784 2464 contra
1838 2393 2245 2468 Romanos.
2338 2394 2583 2492 Inqui-

395 2493 562 2566 sitio
613 2491 697 2566 fit
745 2492 1202 2591 imperatore
1249 2493 1655 2566 mandante
1705 2497 1798 2567 de
1838 2518 2069 2592 opere
2104 2495 2361 2568 Sancti
2400 2495 2578 2568 Ger-

392 2593 594 2666 mani
632 2617 770 2692 per
803 2604 1038 2667 totam
1077 2594 1450 2667 abbatiam
1488 2617 1627 2692 per
1656 2593 1977 2679 iudicem
2011 2596 2455 2670 Adenulfum
2484 2597 2576 2669 de

387 2695 676 2767 Suessa
715 2705 790 2766 et
825 2693 1148 2767 iudicem
1186 2694 1559 2766 Thomam
1594 2698 1687 2767 de
1724 2697 2057 2768 Casei-ta.

539 2795 748 2866 Tunc
797 2795 1211 2892 imperator
1257 2804 1440 2892 aput
1492 2797 1727 2868 Reate
1766 2795 2053 2868 faciens
2088 2820 2411 2891 moram‚
2463 2821 2575 2869 re·-

383 2895 683 2968 vocavit
735 2898 825 2967 ad
879 2919 1070 2992 opus
1109 2919 1329 2967 suum
1369 2895 1717 2992 quicquid
1752 2896 2194 2968 turbationis
2230 2906 2573 2994 tempore

387 2998 480 3068 de
527 2995 744 3093 regni
798 2995 1266 3093 pertinentiis
1318 3007 1876 3094 occupaverant
1910 2996 2229 3093 Reatini,
2284 3006 2361 3070 et
2406 2996 2571 3094 ipse

387 3119 556 3170 cum
597 3106 824 3194 gente
855 3121 994 3170 sua
1023 3121 1170 3170 una
1200 3121 1370 3170 cum
1399 3097 1767 3194 magistro
1794 3097 2165 3192 Raynerio
2196 3097 2571 3170 cardinale

387 3221 474 3268 se
508 3197 918 3273 Viterbium
973 3198 1300 3290 confert,
1354 3198 1689 3294 predicto
1746 3199 2144 3272 Chonrado
2194 3197 2345 3270 filio
2404 3222 2567 3292 suo,

383 3307 461 3368 et
513 3297 638 3392 qui
691 3321 862 3370 cum
921 3321 1011 3370 eo
1048 3321 1290 3394 usque
1327 3299 1563 3372 Reate
1600 3299 1917 3396 iverant,
1970 3298 2453 3374 redeuntibus
2490 3298 2565 3370 in

383 3421 730 3492 regnum,
758 3396 1214 3494 imperatore
1236 3401 1666 3472 mandante.
1720 3400 1811 3473 Et
1828 3411 2007 3473 tunc
2029 3409 2207 3498 aput
2228 3399 2563 3497 Raspan-

379 3521 689 3594 panum,
743 3498 938 3594 quod
974 3497 1292 3571 Romani
1331 3499 1876 3597 custodiebant,
1927 3501 2393 3575 obsidionem
2437 3524 2561 3598 po-

379 3597 487 3669 nit
537 3600 630 3670 de
687 3598 1083 3672 cardinalis
1134 3599 1445 3673 consilio
1499 3600 1941 3698 imperator-3
2014 3601 2135 3673 ubi
2188 3624 2327 3697 per
2373 3602 2559 3672 duos

379 3721 687 3770 menses
725 3699 1011 3772 faciens
1049 3724 1340 3773 moram
1381 3725 1551 3773 cum
1589 3702 1665 3773 in
1703 3703 2069 3800 capiendo
2108 3710 2355 3772 castro
2393 3699 2558 3796 ipso

376 3823 525 3872 non
563 3797 988 3896 proficeret,
1025 3825 1292 3875 mense
1331 3801 1799 3900 Septembris
1838 3803 1911 3874 in
1950 3824 2271 3898 regnum
2306 3823 2557 3872 rever·
2596 3859 2611 3869 i

376 3925 506 3973 sus
547 3910 666 3973 est
700 3901 1129 3999 imperator.

523 4000 672 4074 Illis
722 4000 992 4075 diebus·
1031 4006 1206 4075 dum
1245 4004 1655 4102 imperator
1692 4013 1902 4076 esset
1937 4003 2199 4096 Reate,
2254 4001 2553 4099 quidam

373 4101 818 4175 Gualterus⁸
868 4105 958 4176 de
993 4105 1323 4200 Aversa,
1378 4108 1694 4178 credens
1747 4103 2177 4202 imperatori
2228 4103 2553 4201 placere7

371 4223 419 4293 a)
461 4221 682 4278 Gualtei·
720 4243 764 4279 c.
805 4243 1027 4297 semper.
