3050 4900
535 452 632 520 88
938 444 1502 519 RYCCARDUS
1557 444 1682 517 DE
1739 445 1810 517 S.
1868 446 2327 519 GERMANO

535 657 714 745 aput
765 647 1133 745 Aquinum
1187 646 1496 718 veniunt
1548 672 1638 717 ex
1692 657 1903 743 parte
1960 658 2269 718 senatus
2320 647 2721 745 populique

537 748 887 843 Romani3
939 772 1106 819 cum
1150 771 1294 843 quo
1339 770 1625 818 moram
1666 772 1802 844 per
1837 749 2157 821 triduum
2202 749 2593 845 facientes,
2634 752 2723 821 ad

535 850 809 923 Urbem
849 850 1134 921 reversi
1177 859 1369 919 sunt.

685 951 892 1021 Tunc
922 949 1146 1021 etiam
1177 949 1386 1021 iussu
1421 948 1893 1045 imperatoris
1924 972 2057 1046 pro
2092 947 2492 1020 munienda
2527 961 2726 1022 terra

537 1051 788 1123 Sancti
829 1050 1213 1144 Germani,
1270 1052 1462 1147 quod
1521 1050 1867 1121 homines
1924 1060 2121 1120 terre
2173 1050 2410 1146 ipsius
2464 1056 2553 1123 ab
2593 1051 2725 1123 im-

540 1162 884 1249 peratore
941 1150 1351 1247 petierunt,
1425 1152 1691 1221 domus
1749 1150 2103 1221 nonnulle
2162 1151 2333 1221 hinc
2395 1152 2563 1223 inde
2633 1176 2745 1243 ex.

538 1264 748 1350 parte
787 1252 1090 1325 Corarie
1131 1262 1205 1323 et
1240 1250 1468 1321 Vallis
1509 1251 1837 1323 funditus
1877 1251 2285 1321 diruuntur.

687 1353 1103 1450 Imperator
1152 1355 1246 1424 de
1297 1352 1587 1447 Aquino
1643 1350 1908 1423 Soram
1968 1375 2051 1421 se
2110 1351 2443 1445 contulit,
2497 1376 2723 1447 quam

537 1453 693 1525 suis
746 1453 916 1524 licet
970 1453 1337 1549 imparem
1389 1452 1665 1524 viribus
1724 1452 2213 1545 renitentem,
2280 1477 2347 1522 vi
2406 1453 2605 1549 cepit
2657 1458 2721 1523 4.

537 1563 783 1626 stante
802 1554 1145 1626 Octobris
1175 1554 1249 1624 in
1280 1553 1472 1624 festo
1505 1553 2017 1649 apostolorum
2040 1552 2389 1644 Symonis
2422 1564 2494 1624 et
2524 1553 2725 1644 lude,
2834 1618 2841 1627 .

537 1666 613 1727 et
648 1656 843 1726 facta
886 1665 1004 1727 est
1041 1654 1246 1727 cibus
1288 1653 1510 1749 ignis7
1568 1654 1971 1749 Campanis
2030 1652 2406 1747 militibus,
2465 1654 2583 1749 qui
2634 1656 2722 1723 ad

535 1756 854 1828 civitatis
884 1754 1120 1850 ipsius
1152 1754 1545 1825 defensam
1566 1754 2012 1849 congregati
2044 1752 2366 1847 fuerant,
2408 1755 2479 1824 in
2510 1756 2725 1827 Cam-

537 1858 834 1954 paniam
889 1855 1342 1951 fugientibus
1398 1878 1535 1951 per
1586 1863 1971 1949 montana7
2028 1854 2401 1927 nonnullis
2453 1855 2721 1926 civium

538 1960 712 2053 igne
765 1956 1113 2051 ferroque
1167 1954 1603 2051 peremptis.
1710 1955 1943 2027 Sora⁸
1993 1954 2061 2024 vi
2118 1956 2404 2051 capitur
2442 1965 2515 2027 et
2554 1979 2725 2026 con-

539 2068 934 2130 crematur.
1007 2059 1324 2127 Versus:

750 2159 824 2229 Vi
859 2159 1161 2251 caperis,
1218 2159 1284 2227 vi
1321 2164 1539 2249 capta
1574 2159 1788 2249 peris,
1846 2158 2093 2227 merito
2123 2158 2470 2249 peritura.

740 2260 932 2331 Sora
971 2260 1142 2350 ruis,
1196 2266 1322 2327 tua
1361 2258 1685 2349 dampna
1723 2256 1879 2347 luis,
1935 2280 2097 2327 sero
2136 2257 2480 2328 redit-ura.

688 2376 834 2445 Arx
863 2383 1120 2445 tamen
1153 2374 1440 2447 Sorelle
1473 2398 1556 2445 se
1595 2377 1682 2445 ad
1725 2398 1912 2471 opus
1952 2384 2160 2444 tenet
2196 2374 2473 2446 domini
2506 2399 2721 2473 pape.

687 2476 893 2547 Tunc
923 2501 961 2546 a
989 2475 1290 2546 Taffuro
1326 2475 1734 2547 castellano
1767 2499 1984 2546 rocce
2008 2476 2379 2546 Guilielmi
2410 2477 2723 2548 traditus

537 2578 608 2648 in
641 2599 910 2648 manus
943 2576 1416 2673 imperatoris
1440 2575 1883 2647 Guilielmus
1915 2579 2003 2647 de
2030 2576 2212 2649 Sora
2238 2599 2406 2646 cum
2430 2577 2727 2672 quibus-

537 2681 710 2750 dam
752 2676 940 2772 aliis.
998 2701 1422 2775 suspensus
1465 2687 1582 2748 est
1619 2687 1822 2748 extra
1866 2677 2153 2748 Soram.

687 2780 1106 2876 Imperator
1127 2803 1390 2851 mense
1412 2776 1855 2849 Novembris
1889 2801 2021 2873 per
2048 2777 2376 2849 Insulam
2398 2775 2721 2849 filiorum

539 2880 734 2952 Petri
774 2879 962 2952 redit
997 2879 1396 2976 Aquinum.
1455 2877 1571 2951 ubi
1610 2877 1807 2950 diem
1850 2879 2125 2950 festum
2167 2879 2494 2950 celebrat
2531 2880 2722 2951 beati

538 2981 852 3052 Martini.

690 3099 1052 3195 Magister
1099 3102 1365 3170 domus
1405 3099 1996 3170 Alamannorum
2050 3125 2089 3170 a
2151 3122 2338 3196 papa
2396 3097 2722 3190 rediens7

537 3201 732 3272 letos
785 3203 873 3271 ad
931 3200 1462 3296 imperatorem
1519 3225 1861 3272 rumores
1920 3200 2158 3272 defert
2213 3201 2303 3270 de
2357 3199 2726 3296 composi-

538 3300 740 3372 tione
794 3301 985 3372 inter
1041 3325 1312 3398 papam
1375 3310 1446 3370 et
1500 3299 1767 3397 ipsum.
1870 3303 2069 3371 Idem
2113 3324 2409 3396 quoque
2450 3302 2721 3370 domno

539 3402 828 3473 Thome
851 3403 942 3472 de
962 3402 1215 3498 Capua
1237 3400 1422 3472 tituli
1444 3401 1719 3473 Sancte
1740 3401 2013 3474 Sabine
2038 3406 2471 3497 presbytero
2498 3401 2726 3473 cardi-

542 3501 687 3572 nali
727 3501 1072 3574 obviam
1055 3526 1127 3573 m
1161 3501 1573 3598 Campania
1610 3500 1835 3595 vadit,
1876 3525 2044 3571 cum
2087 3527 2229 3597 quo
2272 3503 2361 3570 ad
2402 3499 2724 3596 imper-a

539 3614 656 3675 toi
661 3626 780 3674 em
812 3601 1018 3674 venit
1045 3604 1413 3698 Aquinum
1449 3626 1620 3672 cum
1651 3556 1887 3672 fornia
1922 3601 2343 3694 concordie7
2383 3606 2448 3672 4.
2479 3611 2723 3672 stante

539 3727 806 3776 mense
843 3703 1314 3797 Novembris,
1364 3711 1437 3772 et
1477 3705 1741 3772 eodem
1784 3700 1897 3771 die
1938 3725 2105 3772 curn
2148 3702 2311 3798 ipso
2353 3701 2725 3772 cardinale

540 3830 623 3878 se
664 3805 968 3876 contulit
1010 3815 1185 3901 aput
1224 3805 1580 3876 Sanctum
1623 3802 2105 3873 Germanum.

687 3926 794 3996 De
835 3921 1196 3995 Romania
1239 3921 1533 4017 quidam
1570 3920 1787 3992 Greci
1830 3945 1996 3990 cum
2042 3917 2431 3992 dextiariis
2472 3918 2544 3991 in
2586 3921 2751 4028 sel3

537 4025 626 4096 lis
687 4036 760 4096 et
811 4023 1040 4118 frenis
1093 4021 1342 4092 auleis
1413 4032 1486 4092 et
1534 4045 1700 4092 cum
1742 4021 2009 4118 pannis
2052 4021 2311 4093 sericis
2354 4045 2532 4092 auro
2571 4032 2728 4093 tex·

537 4125 660 4222 tis
718 4136 791 4196 et
845 4147 1012 4195 cum
1066 4121 1477 4192 innumeris
1533 4122 1781 4194 aureis
1824 4123 2175 4204 nummis
2233 4146 2376 4220 que
2414 4122 2556 4218 ipsi
2595 4122 2727 4193 im-

537 4295 584 4360 a)
623 4297 752 4349 lmec
789 4299 1062 4363 scriptoris
1099 4309 1256 4348 manu
1292 4298 1346 4348 in
1383 4297 1620 4362 marqine
1659 4295 1914 4349 habentur
1952 4297 2165 4348 comeam»¹
