3050 4900
495 448 592 520 ‘28
901 442 1464 517 RYCCARDUS
1519 444 1643 516 DE
1696 445 1767 515 S.
1826 442 2286 517 GERMANO

490 648 683 742 quod
727 647 1004 732 factum
1053 651 1158 716 est
1205 646 1446 716 comiti
1491 642 1847 716 Fundano
1898 644 1984 716 de
2030 645 2311 716 civitate
2350 644 2684 737 Neapoli-

490 755 670 818 tana
731 752 811 818 ut
859 748 951 817 sit
1005 744 1334 838 specialis
1393 749 1633 815 rector
1692 746 1950 838 ipsius,
2032 743 2491 841 intelliyentes
2548 746 2684 816 hoc

491 854 834 942 quantum
893 843 996 916 ad
1039 848 1349 940 propria
1397 847 1688 939 nepotia
1744 846 2048 916 civitatis
2062 872 2089 936 ,-
2152 844 2282 916 sed
2335 853 2683 940 quantum

491 948 592 1020 ad
641 969 1060 1018 succursum
1115 947 1326 1040 repis,
1379 952 1448 1017 et
1495 945 1599 1017 ad
1646 944 2246 1030 defensionem.et
2293 945 2398 1016 ad
2422 969 2681 1039 pacem

491 1049 690 1142 reyni
741 1069 986 1118 omnes
1039 1047 1506 1118 communiter
1558 1046 1917 1118 intendent
1948 1045 2083 1118 hiis
2119 1044 2420 1119 duobus.
2521 1046 2683 1134 Qui-

489 1170 786 1242 cumque
825 1145 1352 1220 ordinationem
1396 1147 1611 1217 istam
1650 1148 2061 1239 receperint,
2101 1146 2200 1218 ad
2226 1148 2521 1218 invicem
2548 1147 2685 1218 sibi

483 1271 740 1342 pacem
790 1247 1182 1340 observent,
1237 1252 1309 1318 et
1349 1246 1413 1318 si
1461 1247 1837 1341 quisquam
1894 1245 1987 1317 ab
2038 1247 2277 1342 aliquo
2323 1249 2541 1332 fuerit
2575 1248 2685 1331 of-

487 1349 757 1440 fensus,
813 1369 957 1418 non
1007 1349 1250 1420 statim
1301 1347 1711 1433 reoffendat
1754 1347 2075 1439 eundem,
2128 1346 2259 1418 sed
2294 1346 2493 1439 apud
2522 1369 2682 1440 pre-

489 1447 720 1519 dictos
770 1449 1060 1519 comites
1113 1447 1472 1542 querelam
1531 1446 1869 1540 deponat,
1924 1450 2043 1540 qui
2094 1471 2253 1520 eam
2292 1447 2679 1518 secundum

490 1550 841 1618 rationem
873 1554 938 1618 et
963 1550 1164 1642 reyni
1189 1546 1764 1619 consuetudinem
1790 1549 2079 1632 faciant
2102 1548 2489 1619 emendari.
2549 1546 2683 1634 Qui

491 1654 727 1720 autem
781 1647 1304 1720 ordinationem
1362 1651 1575 1719 istam
1626 1650 1935 1741 recipere
1994 1648 2350 1720 noluerint
2405 1648 2513 1720 vel
2570 1671 2679 1719 re-

488 1750 934 1840 cusaverint,
997 1753 1348 1842 tanquam
1401 1746 1639 1819 hostes
1687 1748 1949 1840 publici
1998 1748 2435 1842 habeantur,
2504 1755 2571 1819 et
2631 1773 2677 1817 a

488 1849 739 1919 ceteris
771 1850 1289 1942 impuynentur.
1352 1847 1656 1919 Ducenti
1690 1849 1942 1920 milites
1979 1851 2385 1944 diriyantur
2418 1851 2490 1920 in
2521 1871 2679 1919 suc-

490 1970 777 2020 cursum
817 1949 1005 2042 reyis
1034 1971 1252 2042 usque
1283 1947 1384 2019 ad
1404 1946 1780 2020 Kalendas
1808 1947 2238 2043 Septembris
2266 1955 2681 2020 moraturos

484 2071 617 2140 per
653 2071 918 2118 annum
956 2047 1086 2118 sub
1123 2047 1407 2118 illorum
1437 2050 1782 2142 expensis,
1822 2073 1869 2119 a
1898 2051 2153 2144 quibus
2174 2051 2443 2134 fuerint
2468 2048 2677 2119 desti-

488 2150 660 2218 nati.
743 2147 1288 2220 Distribuantur
1321 2154 1558 2218 autem
1595 2149 1981 2220 secundum
2020 2152 2519 2221 extimatorum
2560 2172 2678 2219 ar-

486 2247 798 2340 bitrium,
851 2271 1029 2342 quos
1067 2248 1169 2319 ad
1199 2247 1334 2320 hoc
1369 2249 1773 2340 specialiter
1809 2248 2325 2342 deputabimus,
2360 2251 2682 2342 pensatis

488 2347 738 2420 debitis
772 2350 1072 2419 servitiis
1109 2355 1178 2418 et
1207 2348 1681 2433 facultatibus
1714 2350 2045 2420 comitum
2096 2356 2165 2421 et
2195 2351 2549 2422 baronum
2589 2373 2678 2419 ac

488 2449 702 2520 etiam
755 2451 1139 2521 civitatum.
1242 2448 1426 2538 Ouia
1477 2473 1646 2521 vero
1697 2456 1995 2543 propter
2034 2453 2281 2523 estatis
2322 2454 2677 2536 fervorem

488 2548 918 2620 descendere
951 2550 1022 2619 in
1057 2548 1386 2642 Apuliam
1420 2550 1898 2642 personaliter
1932 2575 2073 2623 non
2108 2554 2491 2645 potuimus,
2532 2556 2680 2621 sta-

487 2654 712 2719 tutum
783 2648 975 2719 istud
1044 2648 1549 2721 mandabimus
1619 2651 2096 2746 exequendum
2165 2675 2296 2745 per
2363 2651 2679 2745 leyatum

486 2754 808 2820 nostrum
864 2750 984 2843 qui
1029 2751 1239 2821 estin
1274 2748 1557 2842 Apulia,
1600 2775 1737 2844 per
1771 2754 2093 2823 comitem
2131 2752 2475 2825 Iacobum
2513 2774 2679 2821 con-

484 2849 851 2920 sobrinum
891 2855 964 2921 et
991 2850 1513 2921 marescalcum
1552 2858 1897 2944 nostrum,
1954 2858 2021 2923 et
2044 2876 2181 2946 per
2216 2852 2434 2924 alium
2474 2874 2679 2945 quem

488 2973 534 3019 a
588 2954 836 3021 nostro
885 2948 1108 3020 latere
1162 2950 1566 3044 diriyemus.
1664 2952 1746 3023 ln
1800 2952 2126 3025 omnibus
2176 2958 2411 3024 autem
2452 2973 2679 3023 reser-

487 3072 744 3120 vamus
803 3049 1009 3120 nobis
1063 3048 1349 3141 plenam
1401 3057 1824 3141 potestatem
1881 3052 2229 3146 addendi,
2297 3051 2678 3143 minuendi,

487 3149 819 3220 »nutandi
852 3155 918 3219 et
954 3148 1407 3243 declarandi,
1459 3160 1677 3243 prout
1714 3152 2094 3224 viderimus
2128 3153 2475 3246 expedire.

639 3248 847 3319 Tunc
902 3247 1144 3325 eidem
1199 3272 1393 3347 pape
1435 3250 1820 3365 Philippus
1858 3275 1990 3323 rex
2028 3252 2498 3365 Alamannie,
2554 3276 2678 3348 pa-

486 3357 698 3422 tiuus
755 3348 931 3422 dicti
987 3350 1228 3446 regis..
1285 3375 1325 3422 a
1385 3350 1543 3424 suis
1599 3352 1995 3425 nunciatur
2046 3354 2364 3426 occisuS.
2471 3352 2679 3425 Tunc

488 3446 716 3519 etiam
768 3460 1033 3547 rogatu
1092 3432 1285 3523 Pet'ri
1327 3453 1782 3548 cognomine
1822 3452 2131 3529 Comitis
2172 3453 2435 3527 decani
2475 3451 2677 3527 Casi-

491 3549 774 3638 nensis
813 3550 977 3647 ipse
1015 3576 1220 3665 papa·
1249 3563 1431 3647 aput
1467 3551 1829 3625 Sanctum
1869 3554 2171 3627 Petium
2210 3552 2677 3647 monasterii

487 3650 562 3721 in
603 3652 945 3748 cappella
985 3653 1220 3725 sancti
1260 3653 1593 3748 Nycolai,
1648 3678 1856 3725 aram
1905 3659 2279 3752 quandam
2328 3656 2403 3726 in
2440 3655 2676 3725 hono-

487 3774 648 3823 rem
682 3756 900 3825 beate
925 3754 1152 3825 Marie
1174 3754 1622 3849 Magdalene
1647 3755 2137 3827 consecravit.
2195 3756 2450 3829 Dictus
2480 3779 2675 3851 papa

486 3852 742 3924 relicta
799 3857 938 3926 sub
990 3855 1328 3951 deposito
1386 3863 1599 3952 parte
1651 3856 1987 3928 thesauri
2039 3856 2153 3929 sui
2192 3882 2343 3929 non
2384 3856 2675 3928 modica

487 3952 557 4022 in
613 3954 1112 4050 monasterie,
1175 3955 1387 4027 dictis
1448 3955 1842 4029 comitibus
1895 3957 1967 4029 in
2024 3982 2161 4031 sua
2215 3982 2386 4031 cum
2438 3957 2677 4054 ipsius

483 4052 782 4125 licentia
816 4054 1379 4150 iedeuntibus,
1362 4080 1524 4153 ipse
1558 4058 1650 4129 de
1680 4056 1955 4130 Sancto
1986 4059 2367 4132 Germano
2400 4060 2680 4132 disces-

486 4153 607 4247 sit,
662 4163 736 4226 et
787 4180 922 4251 per
969 4155 1270 4228 Atinum
1327 4157 1468 4228 ite1
1521 4158 1845 4254 faciens,
1899 4164 2095 4256 quod
2151 4162 2391 4234 dictus
2448 4162 2678 4232 abbas

484 4253 860 4328 Roffiidus
925 4259 1268 4351 tenebat,
1337 4258 1603 4330 Soram
1661 4283 1745 4331 se
1806 4261 2151 4354 contulit,
2223 4260 2546 4359 indeque
2606 4260 2678 4331 in
