<?xml version="1.0" encoding="UTF-8"?>
<!DOCTYPE html PUBLIC "-//W3C//DTD XHTML 1.0 Transitional//EN"
    "http://www.w3.org/TR/xhtml1/DTD/xhtml1-transitional.dtd">
<html xmlns="http://www.w3.org/1999/xhtml" xml:lang="en" lang="en">
 <head>
  <title>
</title>
<meta http-equiv="Content-Type" content="text/html;charset=utf-8" />
  <meta name='ocr-system' content='tesseract 3.04.00' />
  <meta name='ocr-capabilities' content='ocr_page ocr_carea ocr_par ocr_line ocrx_word'/>
</head>
<body>
  <div class='ocr_page' id='page_1' title='image "./ryccardidesanct01pertgoog_0105.png"; bbox 0 0 3050 4900; ppageno 0'>
   <div class='ocr_carea' id='block_1_1' title="bbox 1263 480 2544 555">
    <p class='ocr_par' dir='ltr' id='par_1_1' title="bbox 1263 480 2544 555">
     <span class='ocr_line' id='line_1_1' title="bbox 1263 480 2544 555; baseline 0 -6"><span class='ocrx_word' id='word_1_1' title='bbox 1263 482 1345 549; x_wconf 88' lang='lat' dir='ltr'><strong>A.</strong></span> <span class='ocrx_word' id='word_1_2' title='bbox 1409 481 1624 555; x_wconf 81' lang='lat'><strong>1230.</strong></span> <span class='ocrx_word' id='word_1_3' title='bbox 2450 480 2544 551; x_wconf 81' lang='lat'><strong>93</strong></span> 
     </span>
    </p>
   </div>
   <div class='ocr_carea' id='block_1_2' title="bbox 295 677 2545 4088">
    <p class='ocr_par' dir='ltr' id='par_1_2' title="bbox 352 677 2545 874">
     <span class='ocr_line' id='line_1_2' title="bbox 352 677 2545 773; baseline -0.001 -20"><span class='ocrx_word' id='word_1_4' title='bbox 352 681 640 753; x_wconf 75' lang='lat' dir='ltr'><strong>tulerint</strong></span> <span class='ocrx_word' id='word_1_5' title='bbox 672 702 759 751; x_wconf 76' lang='lat' dir='ltr'><strong>ex</strong></span> <span class='ocrx_word' id='word_1_6' title='bbox 787 685 1000 773; x_wconf 81' lang='lat' dir='ltr'><strong>parte</strong></span> <span class='ocrx_word' id='word_1_7' title='bbox 1036 677 1360 751; x_wconf 75' lang='lat' dir='ltr'><strong>culminis</strong></span> <span class='ocrx_word' id='word_1_8' title='bbox 1393 680 1643 771; x_wconf 77' lang='lat' dir='ltr'><strong>nostri,</strong></span> <span class='ocrx_word' id='word_1_9' title='bbox 1693 677 2177 749; x_wconf 78' lang='lat' dir='ltr'><strong><em>indubitanter</em></strong></span> <span class='ocrx_word' id='word_1_10' title='bbox 2214 680 2545 752; x_wconf 78' lang='lat' dir='ltr'><strong>credatis.</strong></span> 
     </span>
     <span class='ocr_line' id='line_1_3' title="bbox 357 780 1040 874; baseline -0.006 -21"><span class='ocrx_word' id='word_1_11' title='bbox 357 781 626 853; x_wconf 76' lang='lat' dir='ltr'><strong>Datum</strong></span> <span class='ocrx_word' id='word_1_12' title='bbox 661 780 880 874; x_wconf 74' lang='lat' dir='ltr'><strong>Foyie</strong></span> <span class='ocrx_word' id='word_1_13' title='bbox 915 784 1040 850; x_wconf 81' lang='lat' dir='ltr'><strong>etc.</strong></span> 
     </span>
    </p>

    <p class='ocr_par' dir='ltr' id='par_1_3' title="bbox 352 876 2544 1177">
     <span class='ocr_line' id='line_1_4' title="bbox 502 876 2543 975; baseline -0.001 -22"><span class='ocrx_word' id='word_1_14' title='bbox 502 880 788 953; x_wconf 87' lang='lat' dir='ltr'><strong>Eodem</strong></span> <span class='ocrx_word' id='word_1_15' title='bbox 819 902 1084 951; x_wconf 86' lang='lat' dir='ltr'><strong>mense</strong></span> <span class='ocrx_word' id='word_1_16' title='bbox 1104 877 1376 975; x_wconf 80' lang='lat' dir='ltr'><strong>Aprilis</strong></span> <span class='ocrx_word' id='word_1_17' title='bbox 1398 876 1470 949; x_wconf 88' lang='lat' dir='ltr'><strong>in</strong></span> <span class='ocrx_word' id='word_1_18' title='bbox 1493 878 1907 950; x_wconf 90' lang='lat' dir='ltr'><strong>Grecorum</strong></span> <span class='ocrx_word' id='word_1_19' title='bbox 1926 877 2243 974; x_wconf 87' lang='lat' dir='ltr'><strong>imperio</strong></span> <span class='ocrx_word' id='word_1_20' title='bbox 2264 880 2543 951; x_wconf 81' lang='lat' dir='ltr'><strong>factum</strong></span> 
     </span>
     <span class='ocr_line' id='line_1_5' title="bbox 357 978 2544 1078; baseline 0 -26"><span class='ocrx_word' id='word_1_21' title='bbox 357 990 474 1052; x_wconf 86' lang='lat' dir='ltr'><strong>est</strong></span> <span class='ocrx_word' id='word_1_22' title='bbox 525 979 841 1078; x_wconf 88' lang='lat' dir='ltr'><strong>prelium</strong></span> <span class='ocrx_word' id='word_1_23' title='bbox 899 978 1094 1051; x_wconf 87' lang='lat' dir='ltr'><strong>inter</strong></span> <span class='ocrx_word' id='word_1_24' title='bbox 1131 978 1444 1075; x_wconf 77' lang='lat' dir='ltr'><strong>GrecoS,</strong></span> <span class='ocrx_word' id='word_1_25' title='bbox 1498 979 1572 1049; x_wconf 89' lang='lat' dir='ltr'><strong>in</strong></span> <span class='ocrx_word' id='word_1_26' title='bbox 1611 1004 1757 1076; x_wconf 87' lang='lat' dir='ltr'><strong>quo</strong></span> <span class='ocrx_word' id='word_1_27' title='bbox 1798 978 2240 1053; x_wconf 89' lang='lat' dir='ltr'><strong>Commiano</strong></span> <span class='ocrx_word' id='word_1_28' title='bbox 2280 990 2544 1077; x_wconf 88' lang='lat' dir='ltr'><strong>captus</strong></span> 
     </span>
     <span class='ocr_line' id='line_1_6' title="bbox 352 1079 1667 1177; baseline -0.002 -23"><span class='ocrx_word' id='word_1_29' title='bbox 352 1092 498 1177; x_wconf 89' lang='lat' dir='ltr'><strong>est,</strong></span> <span class='ocrx_word' id='word_1_30' title='bbox 552 1090 628 1153; x_wconf 89' lang='lat' dir='ltr'><strong>et</strong></span> <span class='ocrx_word' id='word_1_31' title='bbox 663 1090 981 1177; x_wconf 85' lang='lat' dir='ltr'><strong>utroque</strong></span> <span class='ocrx_word' id='word_1_32' title='bbox 1017 1079 1303 1151; x_wconf 89' lang='lat' dir='ltr'><strong>lumine</strong></span> <span class='ocrx_word' id='word_1_33' title='bbox 1339 1082 1667 1152; x_wconf 78' lang='lat' dir='ltr'><strong>orbatus,</strong></span> 
     </span>
    </p>

    <p class='ocr_par' dir='ltr' id='par_1_4' title="bbox 295 1178 2541 2357">
     <span class='ocr_line' id='line_1_7' title="bbox 506 1178 2540 1279; baseline -0 -26"><span class='ocrx_word' id='word_1_34' title='bbox 506 1182 768 1253; x_wconf 90' lang='lat' dir='ltr'><strong>Mense</strong></span> <span class='ocrx_word' id='word_1_35' title='bbox 806 1180 1027 1251; x_wconf 90' lang='lat' dir='ltr'><strong>Madii</strong></span> <span class='ocrx_word' id='word_1_36' title='bbox 1065 1180 1510 1251; x_wconf 88' lang='lat' dir='ltr'><strong>Alamannie</strong></span> <span class='ocrx_word' id='word_1_37' title='bbox 1560 1178 1933 1277; x_wconf 83' lang='lat' dir='ltr'><strong>principes</strong></span> <span class='ocrx_word' id='word_1_38' title='bbox 1973 1204 2016 1251; x_wconf 91' lang='lat' dir='ltr'><strong>a</strong></span> <span class='ocrx_word' id='word_1_39' title='bbox 2055 1205 2249 1279; x_wconf 89' lang='lat' dir='ltr'><strong>papa</strong></span> <span class='ocrx_word' id='word_1_40' title='bbox 2289 1184 2379 1255; x_wconf 89' lang='lat' dir='ltr'><strong>ad</strong></span> <span class='ocrx_word' id='word_1_41' title='bbox 2423 1204 2540 1253; x_wconf 90' lang='lat' dir='ltr'><strong>ce-</strong></span> 
     </span>
     <span class='ocr_line' id='line_1_8' title="bbox 355 1280 2541 1379; baseline -0 -25"><span class='ocrx_word' id='word_1_42' title='bbox 355 1305 605 1354; x_wconf 88' lang='lat' dir='ltr'><strong>sarem</strong></span> <span class='ocrx_word' id='word_1_43' title='bbox 666 1283 1009 1377; x_wconf 87' lang='lat' dir='ltr'><strong>redeunt,</strong></span> <span class='ocrx_word' id='word_1_44' title='bbox 1063 1280 1322 1353; x_wconf 89' lang='lat' dir='ltr'><strong>relicto</strong></span> <span class='ocrx_word' id='word_1_45' title='bbox 1375 1280 1665 1377; x_wconf 78' lang='lat' dir='ltr'><strong>Regino</strong></span> <span class='ocrx_word' id='word_1_46' title='bbox 1720 1280 2316 1379; x_wconf 88' lang='lat' dir='ltr'><strong>archiepiscopo,</strong></span> <span class='ocrx_word' id='word_1_47' title='bbox 2370 1305 2541 1353; x_wconf 89' lang='lat' dir='ltr'><strong>cum</strong></span> 
     </span>
     <span class='ocr_line' id='line_1_9' title="bbox 354 1379 2541 1495; baseline 0 -43"><span class='ocrx_word' id='word_1_48' title='bbox 354 1405 500 1479; x_wconf 89' lang='lat' dir='ltr'><strong>qno</strong></span> <span class='ocrx_word' id='word_1_49' title='bbox 539 1380 978 1455; x_wconf 88' lang='lat' dir='ltr'><strong>Sabinensis</strong></span> <span class='ocrx_word' id='word_1_50' title='bbox 1027 1379 1430 1495; x_wconf 82' lang='lat' dir='ltr'><strong>episcopus</strong></span> <span class='ocrx_word' id='word_1_51' title='bbox 1469 1391 1545 1453; x_wconf 92' lang='lat' dir='ltr'><strong>et</strong></span> <span class='ocrx_word' id='word_1_52' title='bbox 1582 1381 1914 1454; x_wconf 81' lang='lat' dir='ltr'>Thomas</span> <span class='ocrx_word' id='word_1_53' title='bbox 1950 1380 2228 1454; x_wconf 84' lang='lat' dir='ltr'>Sancte</span> <span class='ocrx_word' id='word_1_54' title='bbox 2266 1382 2541 1455; x_wconf 80' lang='lat' dir='ltr'>Sabine</span> 
     </span>
     <span class='ocr_line' id='line_1_10' title="bbox 352 1480 2539 1578; baseline -0 -24"><span class='ocrx_word' id='word_1_55' title='bbox 352 1480 750 1555; x_wconf 88' lang='lat' dir='ltr'><strong>cardinalis</strong></span> <span class='ocrx_word' id='word_1_56' title='bbox 818 1504 950 1577; x_wconf 89' lang='lat' dir='ltr'><strong>pro</strong></span> <span class='ocrx_word' id='word_1_57' title='bbox 1013 1480 1482 1554; x_wconf 85' lang='lat' dir='ltr'><strong>absolutione</strong></span> <span class='ocrx_word' id='word_1_58' title='bbox 1548 1481 2023 1578; x_wconf 88' lang='lat' dir='ltr'><strong>imperatoris</strong></span> <span class='ocrx_word' id='word_1_59' title='bbox 2088 1481 2162 1553; x_wconf 90' lang='lat' dir='ltr'><strong>in</strong></span> <span class='ocrx_word' id='word_1_60' title='bbox 2216 1506 2539 1577; x_wconf 83' lang='lat' dir='ltr'><strong>regnum</strong></span> 
     </span>
     <span class='ocr_line' id='line_1_11' title="bbox 351 1581 2541 1680; baseline 0 -27"><span class='ocrx_word' id='word_1_61' title='bbox 351 1582 683 1655; x_wconf 87' lang='lat' dir='ltr'><strong>veniunt.</strong></span> <span class='ocrx_word' id='word_1_62' title='bbox 744 1584 834 1654; x_wconf 92' lang='lat' dir='ltr'><strong>Et</strong></span> <span class='ocrx_word' id='word_1_63' title='bbox 864 1581 1386 1680; x_wconf 81' lang='lat' dir='ltr'><strong>premittentes</strong></span> <span class='ocrx_word' id='word_1_64' title='bbox 1415 1584 1507 1653; x_wconf 89' lang='lat' dir='ltr'><strong>ad</strong></span> <span class='ocrx_word' id='word_1_65' title='bbox 1540 1581 1786 1679; x_wconf 88' lang='lat' dir='ltr'><strong>ipsum</strong></span> <span class='ocrx_word' id='word_1_66' title='bbox 1820 1581 2355 1679; x_wconf 80' lang='lat' dir='ltr'><strong>imperatorem</strong></span> <span class='ocrx_word' id='word_1_67' title='bbox 2388 1605 2541 1654; x_wconf 88' lang='lat' dir='ltr'><strong>ma-</strong></span> 
     </span>
     <span class='ocr_line' id='line_1_12' title="bbox 295 1682 2540 1779; baseline 0 -26"><span class='ocrx_word' id='word_1_68' title='bbox 295 1758 302 1775; x_wconf 41' lang='lat'><strong>·</strong></span> <span class='ocrx_word' id='word_1_69' title='bbox 350 1682 670 1779; x_wconf 80' lang='lat' dir='ltr'><strong>gistrum</strong></span> <span class='ocrx_word' id='word_1_70' title='bbox 726 1685 994 1755; x_wconf 88' lang='lat' dir='ltr'><strong>domus</strong></span> <span class='ocrx_word' id='word_1_71' title='bbox 1051 1683 1684 1778; x_wconf 73' lang='lat' dir='ltr'><strong>Alamannorum,</strong></span> <span class='ocrx_word' id='word_1_72' title='bbox 1756 1682 1882 1779; x_wconf 89' lang='lat' dir='ltr'><strong>qui</strong></span> <span class='ocrx_word' id='word_1_73' title='bbox 1943 1683 2249 1755; x_wconf 87' lang='lat' dir='ltr'><strong>venisse</strong></span> <span class='ocrx_word' id='word_1_74' title='bbox 2306 1683 2540 1754; x_wconf 89' lang='lat' dir='ltr'><strong>cardi-</strong></span> 
     </span>
     <span class='ocr_line' id='line_1_13' title="bbox 351 1782 2541 1881; baseline 0.001 -28"><span class='ocrx_word' id='word_1_75' title='bbox 351 1783 564 1855; x_wconf 88' lang='lat' dir='ltr'><strong>nales</strong></span> <span class='ocrx_word' id='word_1_76' title='bbox 617 1783 1045 1879; x_wconf 87' lang='lat' dir='ltr'><strong>annuntiat,</strong></span> <span class='ocrx_word' id='word_1_77' title='bbox 1114 1784 1516 1881; x_wconf 89' lang='lat' dir='ltr'><strong>ipsumque</strong></span> <span class='ocrx_word' id='word_1_78' title='bbox 1569 1782 2103 1881; x_wconf 86' lang='lat' dir='ltr'><strong>imperatorem</strong></span> <span class='ocrx_word' id='word_1_79' title='bbox 2162 1793 2240 1854; x_wconf 90' lang='lat' dir='ltr'><strong>ut</strong></span> <span class='ocrx_word' id='word_1_80' title='bbox 2290 1784 2541 1855; x_wconf 88' lang='lat' dir='ltr'><strong>veniat</strong></span> 
     </span>
     <span class='ocr_line' id='line_1_14' title="bbox 352 1883 2539 1981; baseline 0 -27"><span class='ocrx_word' id='word_1_81' title='bbox 352 1906 620 1957; x_wconf 88' lang='lat' dir='ltr'><strong>versus</strong></span> <span class='ocrx_word' id='word_1_82' title='bbox 673 1884 1008 1981; x_wconf 88' lang='lat' dir='ltr'><strong>Capuam</strong></span> <span class='ocrx_word' id='word_1_83' title='bbox 1059 1884 1490 1956; x_wconf 87' lang='lat' dir='ltr'><strong>accelerare</strong></span> <span class='ocrx_word' id='word_1_84' title='bbox 1546 1887 1852 1979; x_wconf 91' lang='lat' dir='ltr'><strong>debeat,</strong></span> <span class='ocrx_word' id='word_1_85' title='bbox 1920 1884 2345 1957; x_wconf 81' lang='lat' dir='ltr'><strong>cardinales</strong></span> <span class='ocrx_word' id='word_1_86' title='bbox 2396 1883 2539 1981; x_wconf 86' lang='lat' dir='ltr'><strong>ipsi</strong></span> 
     </span>
     <span class='ocr_line' id='line_1_15' title="bbox 353 1984 2538 2081; baseline 0.001 -26"><span class='ocrx_word' id='word_1_87' title='bbox 353 2008 523 2055; x_wconf 90' lang='lat' dir='ltr'><strong>cum</strong></span> <span class='ocrx_word' id='word_1_88' title='bbox 563 1985 777 2079; x_wconf 77' lang='lat' dir='ltr'><strong>regni</strong></span> <span class='ocrx_word' id='word_1_89' title='bbox 819 1984 1152 2080; x_wconf 84' lang='lat' dir='ltr'><strong>prelatis,</strong></span> <span class='ocrx_word' id='word_1_90' title='bbox 1193 1984 1315 2081; x_wconf 90' lang='lat' dir='ltr'><strong>qui</strong></span> <span class='ocrx_word' id='word_1_91' title='bbox 1351 2009 1398 2055; x_wconf 88' lang='lat' dir='ltr'><strong>a</strong></span> <span class='ocrx_word' id='word_1_92' title='bbox 1435 1984 1627 2055; x_wconf 87' lang='lat' dir='ltr'><strong>facie</strong></span> <span class='ocrx_word' id='word_1_93' title='bbox 1656 1984 2134 2081; x_wconf 84' lang='lat' dir='ltr'><strong>imperatoris</strong></span> <span class='ocrx_word' id='word_1_94' title='bbox 2166 1986 2538 2081; x_wconf 73' lang='lat' dir='ltr'><strong>fuget-,ant</strong></span> 
     </span>
     <span class='ocr_line' id='line_1_16' title="bbox 350 2083 2537 2180; baseline 0 -24"><span class='ocrx_word' id='word_1_95' title='bbox 350 2095 428 2157; x_wconf 87' lang='lat' dir='ltr'><strong>et</strong></span> <span class='ocrx_word' id='word_1_96' title='bbox 462 2084 536 2156; x_wconf 88' lang='lat' dir='ltr'><strong>in</strong></span> <span class='ocrx_word' id='word_1_97' title='bbox 575 2108 895 2179; x_wconf 78' lang='lat' dir='ltr'><strong>regnum</strong></span> <span class='ocrx_word' id='word_1_98' title='bbox 935 2087 1072 2155; x_wconf 91' lang='lat' dir='ltr'><strong>sub</strong></span> <span class='ocrx_word' id='word_1_99' title='bbox 1111 2108 1248 2179; x_wconf 89' lang='lat' dir='ltr'><strong>spe</strong></span> <span class='ocrx_word' id='word_1_100' title='bbox 1289 2084 1856 2180; x_wconf 87' lang='lat' dir='ltr'><strong>compositionis</strong></span> <span class='ocrx_word' id='word_1_101' title='bbox 1895 2083 2089 2155; x_wconf 91' lang='lat' dir='ltr'><strong>inter</strong></span> <span class='ocrx_word' id='word_1_102' title='bbox 2136 2084 2537 2156; x_wconf 89' lang='lat' dir='ltr'><strong>ecclesiam</strong></span> 
     </span>
     <span class='ocr_line' id='line_1_17' title="bbox 351 2182 2539 2281; baseline -0 -24"><span class='ocrx_word' id='word_1_103' title='bbox 351 2196 426 2257; x_wconf 90' lang='lat' dir='ltr'><strong>et</strong></span> <span class='ocrx_word' id='word_1_104' title='bbox 495 2183 744 2281; x_wconf 88' lang='lat' dir='ltr'><strong>ipsum</strong></span> <span class='ocrx_word' id='word_1_105' title='bbox 812 2183 1225 2278; x_wconf 75' lang='lat' dir='ltr'><strong>redierant,</strong></span> <span class='ocrx_word' id='word_1_106' title='bbox 1307 2206 1476 2254; x_wconf 87' lang='lat' dir='ltr'><strong>cum</strong></span> <span class='ocrx_word' id='word_1_107' title='bbox 1552 2182 1839 2255; x_wconf 89' lang='lat' dir='ltr'><strong>eisdem</strong></span> <span class='ocrx_word' id='word_1_108' title='bbox 1904 2184 2297 2281; x_wconf 82' lang='lat' dir='ltr'><strong>elegerunt</strong></span> <span class='ocrx_word' id='word_1_109' title='bbox 2358 2195 2539 2281; x_wconf 89' lang='lat' dir='ltr'><strong>aput</strong></span> 
     </span>
     <span class='ocr_line' id='line_1_18' title="bbox 347 2283 1964 2357; baseline -0.001 0"><span class='ocrx_word' id='word_1_110' title='bbox 347 2284 707 2357; x_wconf 88' lang='lat' dir='ltr'><strong>Sanctum</strong></span> <span class='ocrx_word' id='word_1_111' title='bbox 746 2284 1206 2355; x_wconf 88' lang='lat' dir='ltr'><strong>Germanum</strong></span> <span class='ocrx_word' id='word_1_112' title='bbox 1248 2283 1499 2356; x_wconf 88' lang='lat' dir='ltr'><strong>facere</strong></span> <span class='ocrx_word' id='word_1_113' title='bbox 1538 2284 1964 2356; x_wconf 87' lang='lat' dir='ltr'><strong>stationem.</strong></span> 
     </span>
    </p>

    <p class='ocr_par' dir='ltr' id='par_1_5' title="bbox 340 2383 2536 4088">
     <span class='ocr_line' id='line_1_19' title="bbox 497 2383 2535 2482; baseline 0 -25"><span class='ocrx_word' id='word_1_114' title='bbox 497 2385 705 2457; x_wconf 86' lang='lat' dir='ltr'><strong>Tunc</strong></span> <span class='ocrx_word' id='word_1_115' title='bbox 741 2384 1216 2482; x_wconf 88' lang='lat' dir='ltr'><strong>imperatoris</strong></span> <span class='ocrx_word' id='word_1_116' title='bbox 1256 2384 1464 2457; x_wconf 88' lang='lat' dir='ltr'><strong>iussu</strong></span> <span class='ocrx_word' id='word_1_117' title='bbox 1498 2384 1786 2458; x_wconf 84' lang='lat' dir='ltr'><strong>fossata</strong></span> <span class='ocrx_word' id='word_1_118' title='bbox 1820 2394 1891 2456; x_wconf 86' lang='lat' dir='ltr'><strong>et</strong></span> <span class='ocrx_word' id='word_1_119' title='bbox 1920 2383 2111 2457; x_wconf 90' lang='lat' dir='ltr'><strong>muri</strong></span> <span class='ocrx_word' id='word_1_120' title='bbox 2140 2384 2369 2481; x_wconf 82' lang='lat' dir='ltr'><strong>Fogie</strong></span> <span class='ocrx_word' id='word_1_121' title='bbox 2400 2388 2535 2460; x_wconf 87' lang='lat' dir='ltr'><strong>Ca-</strong></span> 
     </span>
     <span class='ocr_line' id='line_1_20' title="bbox 349 2485 2536 2583; baseline 0 -27"><span class='ocrx_word' id='word_1_122' title='bbox 349 2485 527 2558; x_wconf 89' lang='lat' dir='ltr'><strong>salis</strong></span> <span class='ocrx_word' id='word_1_123' title='bbox 585 2486 756 2558; x_wconf 88' lang='lat' dir='ltr'><strong>novi</strong></span> <span class='ocrx_word' id='word_1_124' title='bbox 815 2495 892 2558; x_wconf 90' lang='lat' dir='ltr'><strong>et</strong></span> <span class='ocrx_word' id='word_1_125' title='bbox 940 2485 1194 2559; x_wconf 86' lang='lat' dir='ltr'><strong>Sancti</strong></span> <span class='ocrx_word' id='word_1_126' title='bbox 1247 2485 1509 2559; x_wconf 86' lang='lat' dir='ltr'><strong>Severi</strong></span> <span class='ocrx_word' id='word_1_127' title='bbox 1566 2487 1952 2583; x_wconf 87' lang='lat' dir='ltr'><strong>replentur</strong></span> <span class='ocrx_word' id='word_1_128' title='bbox 1988 2496 2062 2557; x_wconf 89' lang='lat' dir='ltr'><strong>et</strong></span> <span class='ocrx_word' id='word_1_129' title='bbox 2099 2495 2536 2558; x_wconf 88' lang='lat' dir='ltr'><strong>sternuntur</strong></span> 
     </span>
     <span class='ocr_line' id='line_1_21' title="bbox 347 2586 2535 2684; baseline 0.001 -28"><span class='ocrx_word' id='word_1_130' title='bbox 347 2589 439 2658; x_wconf 87' lang='lat' dir='ltr'><strong>ad</strong></span> <span class='ocrx_word' id='word_1_131' title='bbox 469 2586 738 2659; x_wconf 91' lang='lat' dir='ltr'><strong>solum.</strong></span> <span class='ocrx_word' id='word_1_132' title='bbox 809 2586 1024 2673; x_wconf 78' lang='lat' dir='ltr'><strong>Quod</strong></span> <span class='ocrx_word' id='word_1_133' title='bbox 1057 2611 1224 2658; x_wconf 90' lang='lat' dir='ltr'><strong>cum</strong></span> <span class='ocrx_word' id='word_1_134' title='bbox 1255 2586 1440 2684; x_wconf 91' lang='lat' dir='ltr'><strong>ipsis</strong></span> <span class='ocrx_word' id='word_1_135' title='bbox 1471 2587 1968 2660; x_wconf 87' lang='lat' dir='ltr'><strong>cardinalibus</strong></span> <span class='ocrx_word' id='word_1_136' title='bbox 1998 2586 2535 2682; x_wconf 73' lang='lat' dir='ltr'><strong>innotesceret,</strong></span> 
     </span>
     <span class='ocr_line' id='line_1_22' title="bbox 347 2686 2536 2784; baseline 0 -27"><span class='ocrx_word' id='word_1_137' title='bbox 347 2686 471 2782; x_wconf 90' lang='lat' dir='ltr'><strong>qui</strong></span> <span class='ocrx_word' id='word_1_138' title='bbox 526 2686 920 2783; x_wconf 87' lang='lat' dir='ltr'><strong>prevenire</strong></span> <span class='ocrx_word' id='word_1_139' title='bbox 977 2687 1508 2784; x_wconf 85' lang='lat' dir='ltr'><strong>imperatorem</strong></span> <span class='ocrx_word' id='word_1_140' title='bbox 1570 2688 2000 2781; x_wconf 89' lang='lat' dir='ltr'><strong>voluerant,</strong></span> <span class='ocrx_word' id='word_1_141' title='bbox 2072 2711 2343 2760; x_wconf 88' lang='lat' dir='ltr'><strong>versus</strong></span> <span class='ocrx_word' id='word_1_142' title='bbox 2400 2689 2536 2760; x_wconf 89' lang='lat' dir='ltr'><strong>Ca—</strong></span> 
     </span>
     <span class='ocr_line' id='line_1_23' title="bbox 344 2787 2529 2884; baseline 0.001 -28"><span class='ocrx_word' id='word_1_143' title='bbox 344 2810 573 2884; x_wconf 89' lang='lat' dir='ltr'><strong>puam</strong></span> <span class='ocrx_word' id='word_1_144' title='bbox 616 2797 1136 2883; x_wconf 85' lang='lat' dir='ltr'><strong>properanteS,</strong></span> <span class='ocrx_word' id='word_1_145' title='bbox 1175 2812 1218 2858; x_wconf 89' lang='lat' dir='ltr'><strong>a</strong></span> <span class='ocrx_word' id='word_1_146' title='bbox 1247 2788 1500 2859; x_wconf 88' lang='lat' dir='ltr'><strong>Teano</strong></span> <span class='ocrx_word' id='word_1_147' title='bbox 1541 2790 1633 2858; x_wconf 90' lang='lat' dir='ltr'><strong>ad</strong></span> <span class='ocrx_word' id='word_1_148' title='bbox 1670 2787 2030 2860; x_wconf 86' lang='lat' dir='ltr'><strong>Sanctum</strong></span> <span class='ocrx_word' id='word_1_149' title='bbox 2070 2787 2529 2859; x_wconf 87' lang='lat' dir='ltr'><strong>Germanum</strong></span> 
     </span>
     <span class='ocr_line' id='line_1_24' title="bbox 346 2886 2531 2985; baseline 0 -27"><span class='ocrx_word' id='word_1_150' title='bbox 346 2886 678 2982; x_wconf 87' lang='lat' dir='ltr'><strong>reversi,</strong></span> <span class='ocrx_word' id='word_1_151' title='bbox 734 2886 1065 2983; x_wconf 87' lang='lat' dir='ltr'><strong>prelatos</strong></span> <span class='ocrx_word' id='word_1_152' title='bbox 1121 2911 1387 2959; x_wconf 86' lang='lat' dir='ltr'><strong>omnes</strong></span> <span class='ocrx_word' id='word_1_153' title='bbox 1444 2899 1758 2985; x_wconf 85' lang='lat' dir='ltr'><strong>excepto</strong></span> <span class='ocrx_word' id='word_1_154' title='bbox 1812 2890 2079 2959; x_wconf 87' lang='lat' dir='ltr'><strong>abbate</strong></span> <span class='ocrx_word' id='word_1_155' title='bbox 2117 2887 2531 2960; x_wconf 88' lang='lat' dir='ltr'><strong>Casinense</strong></span> 
     </span>
     <span class='ocr_line' id='line_1_25' title="bbox 346 2986 2532 3084; baseline 0 -26"><span class='ocrx_word' id='word_1_156' title='bbox 346 2986 588 3059; x_wconf 89' lang='lat' dir='ltr'><strong>redire</strong></span> <span class='ocrx_word' id='word_1_157' title='bbox 646 2988 1121 3084; x_wconf 84' lang='lat' dir='ltr'><strong>Ceperanum</strong></span> <span class='ocrx_word' id='word_1_158' title='bbox 1173 2987 1596 3082; x_wconf 87' lang='lat' dir='ltr'><strong>iusserunt,</strong></span> <span class='ocrx_word' id='word_1_159' title='bbox 1664 2999 1741 3058; x_wconf 91' lang='lat' dir='ltr'><strong>et</strong></span> <span class='ocrx_word' id='word_1_160' title='bbox 1790 2986 1933 3083; x_wconf 88' lang='lat' dir='ltr'><strong>ipsi</strong></span> <span class='ocrx_word' id='word_1_161' title='bbox 1989 3011 2073 3058; x_wconf 92' lang='lat' dir='ltr'><strong>se</strong></span> <span class='ocrx_word' id='word_1_162' title='bbox 2130 3011 2303 3058; x_wconf 89' lang='lat' dir='ltr'><strong>mox</strong></span> <span class='ocrx_word' id='word_1_163' title='bbox 2362 3011 2532 3058; x_wconf 88' lang='lat' dir='ltr'><strong>cum</strong></span> 
     </span>
     <span class='ocr_line' id='line_1_26' title="bbox 347 3087 2535 3185; baseline 0.001 -27"><span class='ocrx_word' id='word_1_164' title='bbox 347 3087 678 3185; x_wconf 84' lang='lat' dir='ltr'><strong>predicto</strong></span> <span class='ocrx_word' id='word_1_165' title='bbox 711 3088 1126 3162; x_wconf 86' lang='lat' dir='ltr'><strong>Casinense</strong></span> <span class='ocrx_word' id='word_1_166' title='bbox 1165 3092 1432 3162; x_wconf 83' lang='lat' dir='ltr'><strong>abbate</strong></span> <span class='ocrx_word' id='word_1_167' title='bbox 1470 3087 1594 3185; x_wconf 90' lang='lat' dir='ltr'><strong>qui</strong></span> <span class='ocrx_word' id='word_1_168' title='bbox 1627 3111 1758 3159; x_wconf 92' lang='lat' dir='ltr'><strong>eos</strong></span> <span class='ocrx_word' id='word_1_169' title='bbox 1792 3097 1912 3159; x_wconf 90' lang='lat' dir='ltr'><strong>est</strong></span> <span class='ocrx_word' id='word_1_170' title='bbox 1938 3111 1980 3159; x_wconf 93' lang='lat' dir='ltr'><strong>e</strong></span> <span class='ocrx_word' id='word_1_171' title='bbox 2012 3087 2332 3184; x_wconf 83' lang='lat' dir='ltr'><strong>vestigio</strong></span> <span class='ocrx_word' id='word_1_172' title='bbox 2365 3092 2535 3160; x_wconf 90' lang='lat' dir='ltr'><strong>sub-</strong></span> 
     </span>
     <span class='ocr_line' id='line_1_27' title="bbox 343 3187 2532 3286; baseline 0 -28"><span class='ocrx_word' id='word_1_173' title='bbox 343 3198 650 3261; x_wconf 88' lang='lat' dir='ltr'><strong>secutus</strong></span> <span class='ocrx_word' id='word_1_174' title='bbox 689 3191 1024 3286; x_wconf 88' lang='lat' dir='ltr'><strong>Capuam</strong></span> <span class='ocrx_word' id='word_1_175' title='bbox 1065 3190 1559 3261; x_wconf 88' lang='lat' dir='ltr'><strong>contulerunt.</strong></span> <span class='ocrx_word' id='word_1_176' title='bbox 1658 3188 1795 3261; x_wconf 91' lang='lat' dir='ltr'><strong>Ubi</strong></span> <span class='ocrx_word' id='word_1_177' title='bbox 1848 3188 2261 3285; x_wconf 89' lang='lat' dir='ltr'><strong>penultimo</strong></span> <span class='ocrx_word' id='word_1_178' title='bbox 2314 3187 2532 3259; x_wconf 86' lang='lat' dir='ltr'><strong>Madii</strong></span> 
     </span>
     <span class='ocr_line' id='line_1_28' title="bbox 345 3289 2531 3387; baseline 0 -26"><span class='ocrx_word' id='word_1_179' title='bbox 345 3291 434 3361; x_wconf 89' lang='lat' dir='ltr'><strong>ad</strong></span> <span class='ocrx_word' id='word_1_180' title='bbox 470 3313 602 3362; x_wconf 90' lang='lat' dir='ltr'><strong>eos</strong></span> <span class='ocrx_word' id='word_1_181' title='bbox 634 3289 946 3362; x_wconf 88' lang='lat' dir='ltr'><strong>veniens</strong></span> <span class='ocrx_word' id='word_1_182' title='bbox 978 3290 1413 3386; x_wconf 88' lang='lat' dir='ltr'><strong>imperator,</strong></span> <span class='ocrx_word' id='word_1_183' title='bbox 1451 3314 1622 3361; x_wconf 90' lang='lat' dir='ltr'><strong>cum</strong></span> <span class='ocrx_word' id='word_1_184' title='bbox 1660 3290 1982 3360; x_wconf 88' lang='lat' dir='ltr'><strong>formam</strong></span> <span class='ocrx_word' id='word_1_185' title='bbox 2012 3313 2159 3359; x_wconf 89' lang='lat' dir='ltr'><strong>non</strong></span> <span class='ocrx_word' id='word_1_186' title='bbox 2190 3299 2531 3387; x_wconf 89' lang='lat' dir='ltr'><strong>accepta-</strong></span> 
     </span>
     <span class='ocr_line' id='line_1_29' title="bbox 345 3389 2531 3485; baseline -0 -25"><span class='ocrx_word' id='word_1_187' title='bbox 345 3399 458 3461; x_wconf 89' lang='lat' dir='ltr'><strong>ret</strong></span> <span class='ocrx_word' id='word_1_188' title='bbox 509 3389 947 3484; x_wconf 89' lang='lat' dir='ltr'><strong>concordie,</strong></span> <span class='ocrx_word' id='word_1_189' title='bbox 1020 3389 1188 3484; x_wconf 89' lang='lat' dir='ltr'><strong>quia</strong></span> <span class='ocrx_word' id='word_1_190' title='bbox 1244 3389 1598 3462; x_wconf 85' lang='lat' dir='ltr'><strong>Sanctam</strong></span> <span class='ocrx_word' id='word_1_191' title='bbox 1655 3389 1999 3485; x_wconf 83' lang='lat' dir='ltr'><strong>Agathen</strong></span> <span class='ocrx_word' id='word_1_192' title='bbox 2057 3399 2131 3461; x_wconf 90' lang='lat' dir='ltr'><strong>et</strong></span> <span class='ocrx_word' id='word_1_193' title='bbox 2186 3389 2531 3461; x_wconf 88' lang='lat' dir='ltr'><strong>Gaietam</strong></span> 
     </span>
     <span class='ocr_line' id='line_1_30' title="bbox 343 3488 2526 3586; baseline 0.001 -26"><span class='ocrx_word' id='word_1_194' title='bbox 343 3488 669 3562; x_wconf 85' lang='lat' dir='ltr'><strong>retinere</strong></span> <span class='ocrx_word' id='word_1_195' title='bbox 709 3489 1006 3560; x_wconf 89' lang='lat' dir='ltr'><strong>volebat</strong></span> <span class='ocrx_word' id='word_1_196' title='bbox 1044 3489 1392 3585; x_wconf 90' lang='lat' dir='ltr'><strong>ecclesia,</strong></span> <span class='ocrx_word' id='word_1_197' title='bbox 1431 3492 1875 3562; x_wconf 85' lang='lat' dir='ltr'><strong>recedentes</strong></span> <span class='ocrx_word' id='word_1_198' title='bbox 1910 3513 1947 3560; x_wconf 92' lang='lat' dir='ltr'><strong>a</strong></span> <span class='ocrx_word' id='word_1_199' title='bbox 1981 3491 2263 3586; x_wconf 89' lang='lat' dir='ltr'><strong>Capua,</strong></span> <span class='ocrx_word' id='word_1_200' title='bbox 2300 3489 2526 3562; x_wconf 88' lang='lat' dir='ltr'><strong>Sues-</strong></span> 
     </span>
     <span class='ocr_line' id='line_1_31' title="bbox 343 3589 2528 3664; baseline -0.001 -2"><span class='ocrx_word' id='word_1_201' title='bbox 343 3614 506 3662; x_wconf 89' lang='lat' dir='ltr'><strong>sam</strong></span> <span class='ocrx_word' id='word_1_202' title='bbox 549 3613 633 3662; x_wconf 88' lang='lat' dir='ltr'><strong>se</strong></span> <span class='ocrx_word' id='word_1_203' title='bbox 674 3590 1066 3662; x_wconf 85' lang='lat' dir='ltr'><strong>conferunt</strong></span> <span class='ocrx_word' id='word_1_204' title='bbox 1103 3590 1541 3664; x_wconf 89' lang='lat' dir='ltr'><strong>cardinales.</strong></span> <span class='ocrx_word' id='word_1_205' title='bbox 1619 3589 1754 3662; x_wconf 90' lang='lat' dir='ltr'><strong>Ubi</strong></span> <span class='ocrx_word' id='word_1_206' title='bbox 1795 3614 1964 3661; x_wconf 91' lang='lat' dir='ltr'><strong>cum</strong></span> <span class='ocrx_word' id='word_1_207' title='bbox 2004 3589 2387 3662; x_wconf 88' lang='lat' dir='ltr'><strong>Gaietanis</strong></span> <span class='ocrx_word' id='word_1_208' title='bbox 2427 3590 2528 3660; x_wconf 91' lang='lat' dir='ltr'><strong>lo-</strong></span> 
     </span>
     <span class='ocr_line' id='line_1_32' title="bbox 341 3689 2528 3787; baseline -0 -28"><span class='ocrx_word' id='word_1_209' title='bbox 341 3700 690 3787; x_wconf 79' lang='lat' dir='ltr'><strong>quenteS,</strong></span> <span class='ocrx_word' id='word_1_210' title='bbox 739 3713 928 3787; x_wconf 88' lang='lat' dir='ltr'><strong>quos</strong></span> <span class='ocrx_word' id='word_1_211' title='bbox 967 3695 1105 3763; x_wconf 89' lang='lat' dir='ltr'><strong>sub</strong></span> <span class='ocrx_word' id='word_1_212' title='bbox 1146 3714 1414 3763; x_wconf 90' lang='lat' dir='ltr'><strong>securo</strong></span> <span class='ocrx_word' id='word_1_213' title='bbox 1452 3695 1721 3764; x_wconf 88' lang='lat' dir='ltr'><strong>ducatu</strong></span> <span class='ocrx_word' id='word_1_214' title='bbox 1762 3690 2049 3763; x_wconf 87' lang='lat' dir='ltr'><strong>abbatis</strong></span> <span class='ocrx_word' id='word_1_215' title='bbox 2088 3689 2528 3783; x_wconf 88' lang='lat' dir='ltr'><strong>Casemarii,</strong></span> 
     </span>
     <span class='ocr_line' id='line_1_33' title="bbox 343 3788 2525 3887; baseline -0.002 -25"><span class='ocrx_word' id='word_1_216' title='bbox 343 3788 686 3885; x_wconf 81' lang='lat' dir='ltr'><strong>magistri</strong></span> <span class='ocrx_word' id='word_1_217' title='bbox 741 3789 936 3862; x_wconf 86' lang='lat' dir='ltr'><strong>Petri</strong></span> <span class='ocrx_word' id='word_1_218' title='bbox 993 3793 1082 3864; x_wconf 88' lang='lat' dir='ltr'><strong>de</strong></span> <span class='ocrx_word' id='word_1_219' title='bbox 1139 3792 1411 3887; x_wconf 90' lang='lat' dir='ltr'><strong>Vinea,</strong></span> <span class='ocrx_word' id='word_1_220' title='bbox 1486 3801 1562 3863; x_wconf 90' lang='lat' dir='ltr'><strong>et</strong></span> <span class='ocrx_word' id='word_1_221' title='bbox 1612 3790 1926 3887; x_wconf 87' lang='lat' dir='ltr'><strong>Philippi</strong></span> <span class='ocrx_word' id='word_1_222' title='bbox 1990 3793 2081 3862; x_wconf 89' lang='lat' dir='ltr'><strong>de</strong></span> <span class='ocrx_word' id='word_1_223' title='bbox 2146 3789 2343 3863; x_wconf 87' lang='lat' dir='ltr'><strong>Citro</strong></span> <span class='ocrx_word' id='word_1_224' title='bbox 2408 3813 2525 3860; x_wconf 91' lang='lat' dir='ltr'><strong>co-</strong></span> 
     </span>
     <span class='ocr_line' id='line_1_34' title="bbox 340 3889 2524 3987; baseline -0 -25"><span class='ocrx_word' id='word_1_225' title='bbox 340 3890 739 3964; x_wconf 87' lang='lat' dir='ltr'><strong>mestabuli</strong></span> <span class='ocrx_word' id='word_1_226' title='bbox 770 3893 1024 3987; x_wconf 88' lang='lat' dir='ltr'><strong>Capue</strong></span> <span class='ocrx_word' id='word_1_227' title='bbox 1063 3893 1154 3962; x_wconf 91' lang='lat' dir='ltr'><strong>ad</strong></span> <span class='ocrx_word' id='word_1_228' title='bbox 1195 3915 1278 3962; x_wconf 87' lang='lat' dir='ltr'><strong>se</strong></span> <span class='ocrx_word' id='word_1_229' title='bbox 1311 3891 1565 3964; x_wconf 88' lang='lat' dir='ltr'><strong>venire</strong></span> <span class='ocrx_word' id='word_1_230' title='bbox 1597 3891 1957 3985; x_wconf 86' lang='lat' dir='ltr'><strong>fecerant,</strong></span> <span class='ocrx_word' id='word_1_231' title='bbox 1996 3913 2166 3961; x_wconf 90' lang='lat' dir='ltr'><strong>cum</strong></span> <span class='ocrx_word' id='word_1_232' title='bbox 2196 3889 2401 3986; x_wconf 90' lang='lat' dir='ltr'><strong>ipsos</strong></span> <span class='ocrx_word' id='word_1_233' title='bbox 2432 3892 2524 3961; x_wconf 89' lang='lat' dir='ltr'><strong>ad</strong></span> 
     </span>
     <span class='ocr_line' id='line_1_35' title="bbox 341 3989 2523 4088; baseline 0 -26"><span class='ocrx_word' id='word_1_234' title='bbox 341 3991 816 4088; x_wconf 86' lang='lat' dir='ltr'><strong>imperatoris</strong></span> <span class='ocrx_word' id='word_1_235' title='bbox 855 4000 1026 4062; x_wconf 87' lang='lat' dir='ltr'><strong>vota</strong></span> <span class='ocrx_word' id='word_1_236' title='bbox 1065 3989 1371 4063; x_wconf 84' lang='lat' dir='ltr'><strong>flectere</strong></span> <span class='ocrx_word' id='word_1_237' title='bbox 1425 3990 1981 4088; x_wconf 87' lang='lat' dir='ltr'><strong>nequivissent,</strong></span> <span class='ocrx_word' id='word_1_238' title='bbox 2035 3993 2123 4062; x_wconf 87' lang='lat' dir='ltr'><strong>ad</strong></span> <span class='ocrx_word' id='word_1_239' title='bbox 2164 3989 2523 4062; x_wconf 88' lang='lat' dir='ltr'><strong>Sanctum</strong></span> 
     </span>
    </p>
   </div>
   <div class='ocr_carea' id='block_1_3' title="bbox 243 4091 2524 4167">
    <p class='ocr_par' dir='ltr' id='par_1_6' title="bbox 243 4091 2524 4167">
     <span class='ocr_line' id='line_1_36' title="bbox 243 4091 2524 4167; baseline -0.001 -4"><span class='ocrx_word' id='word_1_240' title='bbox 243 4124 254 4133; x_wconf 95' lang='lat'><strong>·</strong></span> <span class='ocrx_word' id='word_1_241' title='bbox 339 4092 799 4164; x_wconf 86' lang='lat' dir='ltr'><strong>Germanum</strong></span> <span class='ocrx_word' id='word_1_242' title='bbox 841 4091 1128 4163; x_wconf 87' lang='lat' dir='ltr'><strong>reversi</strong></span> <span class='ocrx_word' id='word_1_243' title='bbox 1167 4103 1360 4166; x_wconf 90' lang='lat' dir='ltr'><strong>sunt.</strong></span> <span class='ocrx_word' id='word_1_244' title='bbox 1433 4093 1568 4167; x_wconf 90' lang='lat' dir='ltr'><strong>Ubi</strong></span> <span class='ocrx_word' id='word_1_245' title='bbox 1608 4115 1781 4164; x_wconf 88' lang='lat' dir='ltr'><strong>cum</strong></span> <span class='ocrx_word' id='word_1_246' title='bbox 1819 4091 1938 4163; x_wconf 91' lang='lat' dir='ltr'><strong>diu</strong></span> <span class='ocrx_word' id='word_1_247' title='bbox 1978 4101 2185 4164; x_wconf 90' lang='lat' dir='ltr'><strong>esset</strong></span> <span class='ocrx_word' id='word_1_248' title='bbox 2220 4093 2312 4162; x_wconf 89' lang='lat' dir='ltr'><strong>de</strong></span> <span class='ocrx_word' id='word_1_249' title='bbox 2352 4114 2524 4162; x_wconf 88' lang='lat' dir='ltr'><strong>con-</strong></span> 
     </span>
    </p>
   </div>
   <div class='ocr_carea' id='block_1_4' title="bbox 337 4190 2521 4391">
    <p class='ocr_par' dir='ltr' id='par_1_7' title="bbox 337 4190 2521 4391">
     <span class='ocr_line' id='line_1_37' title="bbox 341 4190 2521 4290; baseline 0 -27"><span class='ocrx_word' id='word_1_250' title='bbox 341 4193 586 4264; x_wconf 86' lang='lat' dir='ltr'><strong>cordie</strong></span> <span class='ocrx_word' id='word_1_251' title='bbox 627 4194 862 4266; x_wconf 88' lang='lat' dir='ltr'><strong>forma</strong></span> <span class='ocrx_word' id='word_1_252' title='bbox 903 4201 1328 4287; x_wconf 88' lang='lat' dir='ltr'><strong>tractatum,</strong></span> <span class='ocrx_word' id='word_1_253' title='bbox 1381 4217 1522 4264; x_wconf 89' lang='lat' dir='ltr'><strong>nec</strong></span> <span class='ocrx_word' id='word_1_254' title='bbox 1570 4201 1855 4290; x_wconf 89' lang='lat' dir='ltr'><strong>posset,</strong></span> <span class='ocrx_word' id='word_1_255' title='bbox 1909 4201 2161 4265; x_wconf 87' lang='lat' dir='ltr'><strong>actore</strong></span> <span class='ocrx_word' id='word_1_256' title='bbox 2198 4190 2521 4263; x_wconf 84' lang='lat' dir='ltr'><strong>faciente</strong></span> 
     </span>
     <span class='ocr_line' id='line_1_38' title="bbox 337 4291 2520 4391; baseline 0 -27"><span class='ocrx_word' id='word_1_257' title='bbox 337 4291 731 4390; x_wconf 87' lang='lat' dir='ltr'><strong>discordie,</strong></span> <span class='ocrx_word' id='word_1_258' title='bbox 788 4293 1322 4389; x_wconf 89' lang='lat' dir='ltr'><strong>consummari,</strong></span> <span class='ocrx_word' id='word_1_259' title='bbox 1377 4293 1700 4391; x_wconf 87' lang='lat' dir='ltr'><strong>oportuit</strong></span> <span class='ocrx_word' id='word_1_260' title='bbox 1751 4293 2022 4366; x_wconf 86' lang='lat' dir='ltr'><strong>iterum</strong></span> <span class='ocrx_word' id='word_1_261' title='bbox 2076 4292 2520 4390; x_wconf 82' lang='lat' dir='ltr'><strong>magistrum</strong></span> 
     </span>
    </p>
   </div>
  </div>
 </body>
</html>
