3050 4900
442 459 613 537 ‚156
855 451 1422 529 RYCCARDUS
1476 454 1600 527 DE
1652 451 1724 525 S.
1780 450 2261 525 GERMANO.

467 678 726 729 comes
781 653 1007 747 vadit,
1058 664 1392 727 tractans
1439 652 1636 725 inter
1684 652 1935 749 ipsum
1988 663 2061 723 et
2110 652 2655 749 imperatorem

466 761 742 829 bonum
783 754 990 853 pacis
1012 766 1059 827 ⁸.

1226 962 1241 967 .-
1253 961 1364 967 —---.
1373 960 1640 966 —-——.——--
1652 960 1678 965 --
1729 958 1897 965 -...—-——.-

663 1183 1140 1259 RYCCARDI
1191 1182 1649 1255 EPISTOLA
1702 1182 1827 1255 AD
1884 1121 2459 1255 CASINENSES

1047 1284 1142 1355 IN
1195 1284 1406 1356 FINE
1464 1282 1737 1354 VITAE
1793 1281 2075 1355 MISSA

681 1434 752 1472 ea:
790 1422 974 1473 codice
1011 1418 1290 1473 Casinensi
1324 1434 1543 1473 numero
1582 1416 1691 1470 342
1726 1422 1933 1488 siynato
1971 1434 2005 1470 a
2043 1416 2257 1472 Gallula
2296 1419 2455 1469 edita.

647 1564 930 1625 Dominis
975 1564 1205 1625 sanctis
1251 1572 1315 1625 et
1363 1564 1643 1645 patribus
1686 1561 2051 1625 reverendis
2096 1580 2277 1623 sacro
2325 1560 2663 1623 conventui

475 1646 816 1720 Casinensi‚
861 1646 1248 1726 singulorum
1298 1656 1360 1709 et
1403 1646 1682 1708 omnium
1731 1645 1933 1707 fidelis
1972 1655 2035 1707 et
2064 1644 2349 1706 subditus
2383 1642 2664 1704 notarius

478 1730 813 1791 Riccardus
861 1731 939 1791 de
973 1730 1203 1791 Sancto
1252 1730 1567 1791 Germano
1601 1749 1818 1791 eorum
1853 1728 2081 1790 sanctis
2117 1728 2507 1790 orationibus
2540 1726 2665 1788 ad-

475 1814 694 1877 iuvari.

641 1896 760 1970 Qui
809 1896 1074 1957 visitavit
1121 1916 1236 1957 nos
1285 1897 1519 1957 dudum
1569 1896 1778 1956 oriens
1826 1915 1900 1956 ex
1946 1896 2104 1967 alto,
2164 1894 2419 1955 visitans
2467 1912 2669 1973 nuper

478 1980 747 2041 visitavit
779 2000 894 2053 me,
941 1988 1000 2039 et
1034 1979 1300 2041 visitatio
1333 1998 1446 2041 sua
1479 1979 1817 2041 custodivit
1844 1979 2129 2058 spiritum
2164 1998 2392 2043 meum.
2460 1975 2667 2039 Casti-

477 2082 628 2142 gans
685 2062 1010 2142 castigavit
1067 2083 1192 2135 me,
1261 2072 1322 2123 et
1380 2066 1565 2124 morti
1628 2082 1753 2123 non
1817 2060 2100 2141 tradidit,
2157 2062 2262 2143 qni
2318 2058 2665 2141 peccatoris

479 2155 744 2207 mortem
802 2165 926 2205 non
983 2146 1209 2227 diligit,
1271 2146 1382 2208 sed
1417 2142 1731 2209 salutem.
1816 2146 1978 2207 Ecce
2022 2164 2235 2208 arcum
2284 2153 2503 2205 contra
2546 2161 2667 2215 me,

477 2248 689 2291 arcum
747 2250 928 2290 suum
988 2228 1276 2303 tetendit,
1333 2237 1394 2290 et
1452 2228 1695 2309 paravit
1752 2227 1958 2301 illum,
2022 2237 2083 2290 et
2136 2227 2383 2308 inipso
2429 2227 2671 2307 paravit

479 2332 626 2373 vasa
675 2314 925 2386 mortis,
979 2313 1204 2391 sagitta
1251 2319 1429 2374 acuta
1477 2312 1831 2373 vulneravit
1876 2330 1995 2375 me.
2084 2311 2191 2371 Set
2236 2312 2477 2372 vulneri
2524 2327 2669 2370 meo

483 2406 626 2475 post
659 2395 867 2456 vinum
903 2396 1312 2471 auster-natm,
1351 2394 1825 2458 misericordiae
1862 2396 2071 2456 oleum
2106 2394 2531 2457 Samaritanus
2564 2394 2671 2456 in-

479 2481 663 2552 fudit,
735 2480 839 2559 qui
907 2481 1316 2559 aegritudinis
1377 2499 1556 2540 meae
1617 2479 1945 2559 dispendia
2009 2479 2070 2540 in
2138 2479 2357 2540 salutis
2424 2478 2672 2538 animae

483 2565 855 2642 compendia
914 2564 1335 2626 commutavit.
1443 2564 1602 2624 Ecce
1670 2581 1858 2645 quam
1925 2565 2127 2626 bonus
2195 2570 2290 2624 est
2348 2562 2671 2634 Dumium,

481 2665 669 2727 quam
703 2647 842 2724 pius
875 2655 967 2706 est
1012 2655 1072 2706 ct
1117 2647 1502 2718 misericors;
1550 2644 1654 2742 qui
1701 2645 1947 2726 pietatis
1979 2665 2104 2706 non
2136 2644 2483 2718 immemor,
2532 2663 2673 2705 cum

483 2733 678 2791 iratus
713 2729 896 2790 fuerit
930 2750 1052 2789 non
1089 2729 1476 2790 obliviscitur
1507 2729 1811 2802 misereri,
1857 2729 1990 2810 ipse
2030 2730 2192 2790 enim
2227 2729 2352 2790 mei
2383 2729 2674 2789 misertus

487 2821 612 2889 est3
672 2813 961 2873 misertus
1009 2822 1100 2874 est
1159 2823 1218 2874 et
1279 2811 1593 2893 pepercit3
1654 2833 1767 2874 nec
1826 2811 2113 2874 accendit
2164 2812 2227 2872 in
2278 2823 2377 2872 me
2422 2829 2673 2872 omnem

486 2897 640 2957 iram
701 2915 907 2967 suam,
962 2896 1192 2976 eripuit
1243 2899 1513 2957 animam
1578 2916 1781 2958 meam
1839 2897 1919 2958 de
1964 2903 2197 2970 morte,
2256 2896 2561 2974 percussit
2618 2901 2678 2954 et

488 2981 735 3040 sanavit
781 3000 906 3049 me,
964 2981 1188 3040 vulnus
1235 2979 1443 3042 intulit
1487 2980 1778 3041 adhibuit
1840 2986 1903 3040 et
1948 2977 2287 3052 medelam,
2343 2988 2409 3040 ut
2465 2978 2675 3041 vivens

489 3063 700 3124 adhuc
747 3063 1074 3122 emendem
1123 3063 1182 3122 in
1233 3063 1482 3134 meliuS,
1542 3061 1713 3144 quod
1770 3063 1931 3140 gessi
1978 3081 2307 3142 perperam
2356 3062 2451 3123 vel
2496 3080 2677 3121 com-

494 3143 651 3208 misi.
739 3145 858 3203 Pro
907 3166 1004 3205 me
1050 3165 1288 3226 quaeso
1335 3146 1537 3224 igitur,
1586 3155 1791 3224 patres
1839 3149 1958 3206 mei
2006 3153 2067 3207 et
2112 3146 2373 3222 domini,
2419 3146 2476 3205 ei
2524 3161 2677 3224 gra-

495 3230 610 3289 tias
656 3227 834 3306 agite,
880 3227 985 3309 qui
1035 3248 1132 3288 me
1179 3229 1258 3289 de
1304 3236 1504 3289 morte
1551 3227 1797 3289 reduxit
1842 3228 1921 3289 ad
1958 3230 2166 3303 vitam,
2214 3229 2508 3311 qnoniam
2544 3236 2680 3287 ter-

493 3312 691 3372 ribilis
735 3311 872 3389 ipse
919 3318 1039 3384 est,
1086 3312 1191 3392 qni
1238 3312 1442 3373 aufert
1486 3311 1768 3390 spiritum
1821 3310 2204 3394 principum,
2248 3311 2541 3372 terribilis
2587 3317 2682 3371 cst

493 3396 662 3474 apud
711 3413 890 3472 reges
935 3400 1168 3469 terrae3
1231 3413 1462 3476 meque
1521 3404 1724 3458 vestra
1780 3413 2032 3476 semper
2074 3394 2411 3457 comitetur
2452 3393 2679 3466 oratic,

495 3487 562 3538 ut
609 3478 780 3557 quod
828 3478 1213 3556 possibilitas
1261 3498 1398 3540 mea
1445 3498 1571 3538 non
1619 3479 1875 3558 optinet,
1926 3489 2128 3542 vestra
2174 3479 2325 3539 mihi
2372 3480 2684 3540 interces-

493 3562 673 3622 sione
705 3561 995 3621 donetur.
1056 3563 1210 3621 Ecce
1256 3563 1433 3623 mitto
1479 3563 1659 3624 vobis
1706 3563 1965 3624 rithmos
2010 3582 2170 3644 quos
2217 3563 2333 3624 feci
2383 3564 2461 3623 de
2507 3560 2684 3641 egri—

499 3645 715 3705 tudine
763 3664 899 3704 mea
947 3645 1252 3707 concinna
1301 3645 1450 3707 satis
1497 3648 1787 3707 oratione
1828 3646 2207 3726 descriptos:

498 3784 544 3843 a)
584 3787 870 3836 recentiori
903 3799 1061 3836 manu
1099 3787 1154 3836 in
1187 3781 1292 3850 fine
1322 3786 1518 3837 codicis
1552 3787 1705 3838 adest
1731 3785 1861 3838 haec
1893 3786 2178 3854 adnotatio,
2221 3787 2486 3838 videlicet:
2525 3782 2685 3837 Anno

501 3855 718 3907 Domini
762 3854 918 3908 1414.
959 3857 1046 3908 die
1085 3867 1229 3909 sexta
1271 3857 1468 3910 mensis
1507 3857 1736 3924 Augusti
1775 3857 2031 3926 septimae
2069 3857 2404 3922 indictionis,
2442 3873 2533 3909 rex
2575 3854 2687 3907 La·-

499 3929 699 3982 dislaus
732 3930 954 3981 recessit
983 3931 1048 3980 ab
1087 3929 1185 3982 hac
1216 3931 1320 3982 vita
1354 3930 1484 3982 hora
1519 3930 1688 3998 prima
1724 3930 1849 3992 diei,
1884 3940 1937 3984 et
1969 3947 2162 4000 corpus
2196 3931 2311 3984 eius
2346 3931 2580 3984 tulerunt
2616 3931 2685 3981 de

500 4019 619 4054 sero
661 4002 712 4052 in
748 3999 946 4054 Sancto
981 4001 1216 4056 Iohanne
1255 4020 1281 4053 a
1326 4000 1656 4056 Carbonaria
1697 4003 1752 4055 in
1793 4021 1900 4055 uno
1942 4005 2127 4056 tabuto
2165 4005 2232 4057 de
2272 4003 2481 4065 tabulis,
2522 4011 2573 4056 et
2612 4001 2687 4052 ibi

503 4084 796 4143 posuerunt
845 4093 965 4126 eum
1013 4074 1165 4146 'nulla
1221 4075 1355 4127 facta
1410 4077 1699 4145 obsequia;
1754 4085 1807 4127 et
1856 4077 2119 4129 subcessit
2170 4078 2223 4129 in
2277 4095 2444 4146 regno
2482 4075 2550 4128 D.
2592 4073 2690 4126 10-

505 4147 675 4199 hanna
719 4146 787 4200 ll.
829 4149 1007 4215 regina
1050 4149 1117 4200 de
1156 4149 1424 4200 voluntate
1463 4149 1877 4217 regniculorum,
1918 4159 1973 4202 et
2011 4150 2257 4203 homines
2297 4153 2364 4202 de
2402 4165 2598 4218 regno,
2638 4156 2693 4200 et

505 4231 670 4272 terras
718 4225 785 4273 de
836 4221 1086 4274 demanio
1137 4231 1191 4274 et
1241 4220 1460 4274 comites
1513 4231 1567 4273 et
1620 4223 1851 4276 barones
1899 4233 2240 4276 accesserunt
2279 4221 2587 4292 Neapolim,
2642 4229 2695 4273 et

507 4311 690 4346 omncs
730 4294 1041 4346 iuraverunt
1079 4293 1382 4362 homagium
1427 4295 1741 4350 voluntarie.
1820 4292 2179 4350 GATTULA.
