3050 4900
515 462 656 533 114
915 460 1480 536 RYCCARDUS
1534 462 1659 535 DE
1712 462 1785 535 s.
1840 410 2299 535 GERMANO

507 662 758 734 narios
805 664 1020 734 etiam
1074 664 1194 759 qui
1242 663 1588 735 tabernas
1636 661 1819 734 velut
1872 661 2157 734 natales
2204 662 2401 735 lares
2437 669 2503 733 et
2532 685 2699 756 pro-

501 762 706 855 prios
739 760 1120 856 eleqerunt,
1171 787 1296 835 eos
1329 765 1548 835 etiam
1582 765 1703 859 qui
1738 762 1943 835 aleas
1979 769 2044 834 et
2080 763 2321 835 datios
2354 769 2597 835 tenent
2624 768 2707 833 ut

505 884 594 932 ea
625 860 965 954 predictis
1011 862 1410 935 ludentibus
1462 862 1933 956 commodent,
1990 862 2315 935 volumus
2362 866 2549 936 inter
2596 865 2698 933 in-

500 963 739 1047 fames
785 960 1059 1058 haberi,
1111 964 1218 1037 ita
1268 970 1348 1035 ut
1393 987 1522 1035 nec
1568 964 1673 1036 ad
1718 965 2189 1035 testimonium
2244 987 2372 1035 nec
2408 963 2511 1035 ad
2542 964 2698 1050 offi-

504 1064 690 1133 cium
746 1062 1044 1159 aliquod
1086 1062 1444 1158 publicum
1481 1063 1981 1136 admittantur.
2066 1064 2347 1136 Iudices
2380 1066 2597 1136 etiam
2634 1069 2701 1133 et

502 1162 904 1235 advocatos
938 1171 1006 1235 et
1037 1166 1367 1237 notarios
1396 1164 1741 1256 publicos,
1796 1166 1915 1259 qui
1952 1164 2360 1236 huiusmodi
2392 1163 2595 1235 vilem
2634 1170 2703 1234 et

501 1262 876 1335 sordidam
931 1266 1150 1337 vitam
1203 1264 1501 1357 ducunt,
1566 1265 1875 1349 infamia
1928 1264 2255 1357 predicta
2308 1270 2600 1337 notatos
2648 1286 2695 1334 a

500 1366 842 1456 susceptis
878 1367 1092 1437 etiam
1127 1366 1274 1435 iam
1311 1365 1569 1451 officiis
1602 1366 1675 1436 in
1692 1370 2112 1459 perpetuum
2142 1364 2467 1437 volumus
2496 1388 2695 1435 amo-

503 1464 668 1534 veri.
777 1463 1146 1539 Postremo
1197 1466 1412 1535 etiam
1467 1464 1750 1557 milites,
1818 1487 1997 1559 quos
2050 1463 2303 1537 saltem
2355 1466 2695 1560 equestris

501 1562 870 1657 diynitatis
923 1565 1138 1639 decus
1188 1564 1473 1635 deberet
1525 1590 1573 1635 a
1620 1564 1885 1637 talibus
1936 1564 2331 1655 cohercere,
2384 1568 2449 1636 si
2498 1566 2694 1649 fame

499 1686 628 1735 sue
674 1665 961 1761 prodiyi
1012 1672 1084 1736 et
1125 1664 1427 1759 pudoris
1475 1665 1717 1759 iqnari
1768 1664 1874 1735 ad
1918 1664 2253 1737 vilitatem
2290 1664 2696 1737 huiusmodi

504 1761 928 1837 deduxerint
989 1768 1206 1837 vitam
1269 1788 1518 1858 suam,
1590 1766 1663 1836 in
1718 1770 2135 1859 perpetuum
2190 1790 2240 1837 a
2293 1766 2691 1837 testimonio

498 1886 1060 1959 summovemus,
1115 1865 1210 1937 ab
1262 1867 1364 1936 eis
1413 1866 1629 1936 etiam
1677 1864 1980 1957 iudicia,
2033 1888 2167 1961 que
2217 1866 2386 1937 viris
2435 1864 2693 1937 milita-

501 1963 696 2034 ribus
730 1971 901 2038 sunt
930 1988 1300 2059 concessa,
1353 1967 1424 2036 in
1457 1971 1873 2059 perpetuum
1914 1962 2354 2038 abdicantes.

648 2062 760 2137 De
810 2068 1154 2164 dampnis
1173 2062 1269 2138 ⁴⁸.
1323 2062 1685 2137 Animalia
1734 2067 1803 2135 in
1858 2067 2075 2137 vineis
2120 2072 2191 2137 et
2228 2067 2691 2159 possessioni-

499 2162 630 2235 bus
673 2168 1042 2239 cuiuslibet
1087 2167 1482 2263 dampnum
1514 2167 1862 2251 facientia
1897 2167 2311 2259 intercepta,
2364 2166 2689 2237 locorum

497 2268 756 2343 baiulis
790 2292 915 2342 seu
951 2268 1278 2360 dominis,
1317 2273 1395 2339 ut
1417 2290 1547 2360 per
1572 2290 1695 2338 eos
1720 2266 1902 2337 illati
1927 2264 2224 2360 dampni
2248 2269 2691 2338 restauratio

497 2372 996 2466 subsequatur,
1065 2370 1384 2455 sufficiat
1435 2368 1847 2462 assiqnari5
1910 2368 2409 2440 constitutione
2460 2369 2687 2463 reyia,

498 2495 630 2568 que
681 2473 843 2562 ipsa
897 2471 1264 2564 reqionum
1301 2470 1701 2540 iustitiariis
1737 2470 2103 2562 assiynari
2136 2469 2563 2560 mandabat,
2619 2471 2691 2540 in

497 2569 638 2642 hac
669 2576 878 2664 parte
913 2576 1212 2687 remota,
1249 2592 1408 2640 cum
1448 2568 1890 2663 dispendium
1930 2575 2112 2640 esset
2142 2572 2331 2655 forte
2366 2591 2511 2640 non
2539 2593 2684 2640 mo-

500 2670 734 2742 dicum
781 2671 1234 2764 provinciam
1287 2671 1623 2761 circuire,
1679 2691 1806 2740 nec
1857 2671 2223 2741 iustitiarii
2267 2669 2353 2741 de
2400 2668 2683 2761 talibuS,

497 2773 714 2844 etiam
757 2776 985 2862 prout
1025 2770 1609 2864 predecessorum
1657 2775 2069 2841 nostrorum
2119 2776 2187 2840 et
2220 2771 2486 2841 nostris
2522 2791 2686 2841 con-

495 2872 975 2944 stitutionibus
1011 2877 1116 2944 est
1150 2893 1586 2965 expressum,
1639 2871 2105 2941 intromittere
2138 2893 2215 2941 se
2250 2870 2599 2941 deberent.

647 2972 852 3045 Idem
903 2968 1381 3068 augustusffl:
1447 2972 1959 3042 Constitutione
2003 2971 2316 3063 presenti
2348 2973 2419 3041 in
2446 2975 2681 3064 poste-

497 3095 655 3143 rum
692 3071 1006 3143 valitura
1040 3073 1431 3164 sancimus,
1487 3075 1563 3141 ut
1608 3069 1875 3142 amodo
1910 3070 2015 3143 ad
2048 3071 2427 3142 militarem
2462 3069 2684 3141 hono-

497 3195 648 3243 rem
699 3170 934 3243 nullus
986 3171 1288 3244 accedat
1339 3172 1460 3266 qui
1493 3193 1638 3242 non
1671 3171 1765 3242 sit
1798 3170 1887 3242 de
1920 3193 2176 3265 yenere
2210 3171 2503 3242 militari
2534 3172 2684 3242 sine

494 3277 737 3344 nostre
783 3270 1215 3344 celsitudinis
1247 3271 1534 3344 licentia
1566 3270 1901 3365 speciali:
1951 3270 2307 3363 militibus,
2360 3273 2479 3366 qui
2512 3270 2683 3341 hac-

493 3378 695 3445 tenus
739 3377 910 3466 post
949 3369 1488 3464 prohibitionem
1540 3371 1699 3443 dive
1742 3373 2078 3444 memorie
2126 3375 2315 3466 reqis
2353 3371 2686 3466 Royyerii

494 3475 614 3543 avi
666 3474 896 3543 nostri
928 3472 1343 3567 diynitatem
1386 3474 1683 3559 fuerunt
1720 3471 2097 3544 militarem
2136 3472 2396 3564 adepti,
2453 3494 2541 3543 ex
2570 3495 2679 3544 se-

492 3573 816 3644 renitatis
865 3579 1108 3644 nostre
1160 3575 1409 3668 qratia
1459 3595 1671 3644 suam
1727 3572 2183 3644 retinentibus
2241 3572 2679 3666 diynitatem,

494 3671 884 3744 dummodo
938 3674 1177 3745 vivant
1229 3674 1653 3764 militariter,
1708 3679 1789 3744 ut
1832 3676 1941 3743 est
1980 3672 2267 3744 dictum.
2367 3671 2682 3742 Presenti

491 3773 705 3844 etiam
751 3771 980 3845 edicto
1030 3773 1210 3846 illud
1257 3773 1748 3866 adiunyimus,
1816 3779 1891 3842 ut
1936 3772 2152 3845 iudex
2198 3772 2307 3844 vel
2353 3773 2683 3843 notarius

487 3873 813 3967 publicus
865 3873 1124 3970 aliquis
1170 3875 1290 3968 qui
1339 3872 1491 3944 vilis
1534 3871 1957 3943 conditionis
2003 3874 2127 3965 sit,
2197 3871 2503 3944 villanus
2552 3877 2683 3942 aut

493 3975 938 4068 anyararius
970 3975 1307 4066 forsitan,
1345 3975 1644 4066 itemque
1676 3973 1801 4060 filii
1832 3971 2251 4046 clericorum
2288 3973 2536 4066 spurii,
2576 3971 2685 4042 vel

492 4074 708 4144 modo
742 4073 1052 4168 quolibet
1083 4073 1477 4166 naturales,
1529 4073 1603 4142 in
1650 4078 2011 4166 posterum
2062 4075 2303 4146 creari
2335 4096 2479 4144 non
2512 4096 2679 4166 pos—

492 4179 676 4260 sunt,
713 4195 842 4244 nec
879 4173 1126 4270 aliqua
1161 4180 1364 4246 tenus
1392 4177 1823 4266 promoveri.

492 4294 592 4376 49)
642 4293 680 4358 ι.
725 4296 782 4367 3,
829 4295 908 4360 ιῑι.
959 4297 1057 4358 56.
1231 4294 1332 4378 50)
1382 4294 1420 4356 1.
1465 4296 1523 4369 3,
1574 4294 1663 4362 tit.
1708 4297 1810 4361 60.
