3050 4900
527 434 665 507 152
920 431 1483 507 RYCCARDUS
1538 433 1662 506 DE
1716 432 1787 505 S.
1846 432 2302 507 GERMANO

514 633 881 728 lempniter
928 631 1386 727 celebrantes,
1441 636 1760 705 animam
1814 636 1962 706 eius
2010 655 2167 705 cum
2206 634 2705 705 decantatione

514 735 900 806 missarum
956 738 1022 803 et
1065 732 1228 805 aliis
1275 732 1767 805 ecclesiasticis
1801 736 2277 805 sacramentis
2315 734 2543 804 divine
2580 734 2707 804 mi-

513 832 900 906 sericordie
953 832 1543 927 recommendent,
1597 835 1993 919 manifestis
2027 833 2305 905 indiciis
2340 833 2705 905 ostenden-

515 940 618 1006 tes
633 944 683 1027 ⁸,
722 931 916 1029 quod
949 935 1132 1005 sicut
1155 936 1226 1005 in
1253 933 1689 1027 qaudiorum
1718 940 2131 1006 nostrorum
2158 933 2487 1027 tripudiis
2513 932 2703 1004 extal-

515 1040 675 1106 tant
706 1033 1074 1128 hylariter,
1125 1036 1228 1105 sie
1271 1040 1338 1104 et
1372 1032 1740 1107 doloribus
1776 1036 2039 1106 nostris
2075 1034 2454 1106 condolere
2488 1032 2700 1122 fideli·

513 1141 622 1207 ter
657 1134 1053 1206 videantur.
1123 1132 1292 1205 Dat.
1335 1142 1474 1205 ete.
2206 1211 2219 1222 ,

666 1234 930 1306 Mense
966 1233 1210 1305 Martii
1247 1233 1615 1307 iustitiarii
1653 1234 1919 1307 remoti
1958 1259 2003 1306 a
2041 1234 2198 1307 suis
2230 1230 2494 1306 officiis
2526 1244 2706 1332 aput

514 1335 569 1406 F
573 1334 825 1431 ogiam
864 1337 955 1405 ab
993 1332 1446 1431 imperatore
1483 1344 1885 1430 vocantur3
1941 1345 2014 1407 et
2061 1344 2237 1407 tunc
2274 1336 2703 1429 Ryccardus

517 1438 609 1508 de
647 1436 898 1506 Monte
935 1435 1281 1531 Fusculo,
1336 1434 1457 1533 qui
1500 1436 1743 1507 fuerat
1778 1434 2217 1509 iustitiarius
2259 1435 2704 1531 Capitinate,

518 1534 810 1633 cogitur
837 1536 1150 1615 reddere
1179 1534 1579 1632 rationem,
1616 1545 1875 1608 ettam
1907 1547 2165 1609 contra
2194 1536 2443 1632 ipsum
2478 1561 2703 1634 quam

518 1646 776 1709 contra
815 1636 1000 1709 alios
1037 1634 1122 1707 fit
1157 1635 1565 1733 inquisitio,
1616 1636 2073 1735 imperatore
2111 1638 2540 1710 mandante.

669 1739 775 1810 Eo
814 1760 1081 1808 mense
1110 1737 1442 1809 Thomas
1480 1740 1573 1809 de
1602 1736 2076 1834 Montenigro
2114 1742 2207 1811 ab
2245 1737 2701 1835 imperatore

519 1836 960 1935 capitaneus
999 1847 1178 1933 aput
1215 1837 1461 1931 Tybur
1496 1836 1855 1933 dirigitur.

666 1936 932 2010 Mense
996 1936 1268 2034 Aprilis
1334 1938 1820 2010 Prenestinus
1886 1937 2289 2037 episcopus
2356 1948 2429 2011 et
2491 1939 2701 2012 Oddo

517 2038 914 2112 cardinalis
979 2041 1068 2109 de
1132 2062 1368 2135 regno
1433 2049 1614 2137 aput
1667 2039 1915 2132 Tybur
1980 2043 2116 2112 sub
2180 2042 2450 2112 ducatu
2514 2041 2705 2132 Dyb-

516 2137 756 2213 boldib
793 2142 885 2211 de
923 2139 1280 2234 Dragune
1319 2139 1729 2212 mittuntur.

665 2238 1100 2313 Brexiensis
1141 2238 1541 2337 episcopus
1574 2249 1646 2311 et
1676 2240 2212 2336 Bergamensis
2248 2240 2540 2312 electus
2578 2263 2705 2312 vo·

519 2340 662 2413 cati
701 2344 794 2415 ab
829 2340 1285 2438 imperatore
1324 2344 1416 2413 de
1442 2340 1886 2415 Lombardia
1918 2340 1991 2411 in
2021 2364 2339 2437 regnum
2372 2340 2706 2437 veniunt,

520 2441 644 2541 qui
693 2452 873 2540 aput
922 2440 1287 2515 Sanctum
1333 2441 1795 2515 Germanum
1834 2466 2126 2514 moram
2163 2442 2416 2516 facere
2455 2442 2705 2538 elege-

517 2553 719 2638 runt,
775 2551 1262 2639 expectantes
1299 2541 1573 2616 ibidem
1613 2542 2088 2641 imperatoris
2128 2546 2556 2616 adventum.

670 2642 932 2715 Mense
960 2641 1181 2714 Madii
1211 2644 1550 2715 Andreas
1580 2645 1671 2716 de
1703 2643 1952 2716 Cicala
1986 2643 2198 2740 regni
2240 2645 2706 2741 capitaneuS,

517 2745 729 2817 iussu
769 2742 1054 2816 cesaris
1092 2752 1553 2841 congregato
1586 2744 1918 2817 exercitu
1945 2754 2100 2816 tam
2133 2743 2450 2816 militum
2480 2768 2705 2842 quam

520 2844 986 2919 servientum
1036 2848 1128 2917 de
1179 2869 1443 2943 regna,
1498 2869 1730 2942 super
1767 2845 2000 2920 Reate
2036 2845 2265 2940 vadit,
2319 2870 2542 2941 quam
2584 2869 2706 2917 ex-

516 2945 751 3019 terius
788 2955 1022 3018 totam
1061 2947 1426 3019 devastat.
1523 2947 1688 3019 Dux
1725 2945 2009 3043 Spoleti
2045 2970 2181 3044 pro
2220 2956 2434 3044 parte
2472 2945 2706 3044 impe-

520 3045 790 3119 ratoris
831 3070 1060 3144 super
1095 3045 1450 3118 Narniam
1488 3046 1713 3141 vadit,
1753 3055 1829 3117 et
1866 3070 2091 3142 quam
2130 3056 2384 3144 potest
2419 3045 2593 3118 facit
2627 3046 2703 3116 in

521 3145 1011 3220 exterioribus
1031 3148 1485 3219 vastitatem.
1523 3145 1827 3218 Denarii
1848 3150 2022 3219 novi
2043 3149 2312 3221 dantur
2331 3147 2405 3219 in
2427 3147 2701 3220 Sancto

519 3248 920 3321 Germano.

670 3346 985 3421 Romani
1036 3370 1267 3444 super
1320 3347 1569 3441 Tybur
1617 3351 1930 3444 vadunt,
1986 3358 2061 3420 et
2108 3348 2311 3420 illam
2364 3349 2435 3420 in
2490 3347 2701 3420 olivis

517 3447 790 3521 vitibus
831 3457 906 3519 et
942 3445 1104 3519 aliis
1143 3447 1543 3520 crudeliter
1578 3452 1992 3523 devastant.

667 3550 843 3646 lpso
873 3572 1140 3621 mense
1168 3548 1387 3622 Madii
1421 3551 1793 3623 exercitus
1823 3548 2233 3646 imperialis
2264 3551 2355 3622 de
2377 3547 2709 3620 Marchia

516 3649 720 3722 vadit
756 3673 988 3748 super
1020 3650 1406 3746 Asculum,
1446 3661 1520 3722 et
1555 3649 1798 3748 ipsam
1840 3649 2217 3722 civitatem
2256 3648 2549 3723 obsidet
2584 3671 2707 3720 ex-

516 3749 752 3823 terius
793 3760 868 3821 et
904 3750 1244 3824 divastat.

667 3851 1274 3925 Mediolanenses
1332 3859 1408 3923 et
1453 3850 1908 3924 Brexienses
1962 3875 2133 3923 cum
2191 3874 2454 3922 eorum
2508 3872 2706 3922 com-

515 3950 832 4048 plicibus
891 3975 1022 4025 eos
1076 3953 1200 4050 qui
1252 3961 1427 4024 sunt
1478 3951 1587 4023 eis
1645 3951 2052 4024 adversarii
2110 3961 2185 4024 et
2239 3951 2363 4049 qui
2411 3960 2706 4049 partem

518 4051 776 4124 fovent
802 4051 1277 4150 imperatoris
1306 4050 1677 4124 hostiliter
1703 4050 2185 4151 impugnant,
2222 4052 2346 4149 qui
2376 4061 2708 4124 castrum

519 4205 573 4292 a).
602 4211 682 4333 {tcta
718 4213 865 4262 recle
897 4208 1086 4261 Petrus
1125 4224 1159 4260 a
1208 4207 1393 4271 Vinea;
1445 4205 1734 4260 ostendatis
1773 4224 1819 4260 c.
2045 4208 2097 4278 b)
2138 4206 2187 4258 D
2225 4208 2456 4260 nondum
2493 4209 2549 4258 in
2588 4206 2707 4259 cod.

513 4295 602 4348 pic
658 4293 726 4332 m.
