3050 4900
472 476 516 544 4
879 468 1444 546 RYCCARDUS
1499 469 1623 542 DE
1678 469 1750 543 S.
1808 470 2270 547 GERMANO

470 672 720 770 ipsum
761 677 1049 770 absque
1086 671 1337 744 liberis
1381 670 1569 742 mori
1622 671 2119 769 contingeret,
2172 677 2525 747 ammodo
2576 678 2667 747 de

473 775 668 846 facto
709 774 921 870 regni
965 783 1350 870 tamquam
1393 767 1657 844 fideles
1696 771 1839 869 ipsi
1879 796 2014 845 sue
2054 774 2281 846 amite
2320 785 2666 847 teneren-

469 886 592 946 tur
629 885 702 946 et
740 875 934 947 dicto
974 873 1136 970 regi
1175 873 1620 945 Alamannie
1661 872 1817 944 viro
1858 874 2039 946 eius.

1281 1017 1515 1094 Anno
1587 1005 1837 1098 1189.

616 1128 902 1202 Accidit
955 1137 1204 1198 autem
1262 1149 1622 1223 processu
1684 1126 2083 1223 temporis,
2154 1138 2231 1200 ut
2286 1152 2417 1200 rex
2472 1129 2662 1227 ipse,

471 1230 682 1302 cuius
741 1227 1179 1301 memoriale
1234 1226 1308 1298 in
1367 1226 1737 1322 seculum,
1793 1227 1987 1299 sicut
2022 1227 2341 1300 Domino
2384 1229 2665 1326 placuit

471 1331 633 1403 sine
670 1330 920 1404 liberis
960 1351 1226 1401 mense
1265 1325 1783 1401 Decembris¹³
1820 1328 2245 1424 decederet,
2284 1331 2495 1401 cuius
2534 1332 2659 1402 de·

472 1455 778 1506 cessum
822 1432 1110 1502 cunctis
1167 1428 1378 1524 regni
1435 1425 1607 1500 filiis
1647 1428 1915 1500 merito
1955 1431 2497 1526 deplorandum
2535 1433 2659 1503 de-

468 1530 631 1605 fleri
670 1533 814 1605 hac
850 1530 1196 1604 rithmica
1231 1528 1774 1601 lamentatione
1811 1531 2237 1627 percensui.

1074 1631 1354 1726 Plange
1395 1630 1697 1726 planctu
1738 1630 1965 1702 nimio

1073 1731 1350 1826 Sicilia,
1387 1730 1729 1806 Calabrie

1075 1831 1311 1928 regio,
1348 1830 1617 1927 Apulia

1067 1944 1419 2028 terraque
1459 1930 1789 2005 Laboris,

1004 2052 1036 2102 5
1069 2034 1227 2105 Vox
1266 2032 1583 2104 meroris
1624 2031 1913 2104 intonet

1072 2144 1149 2206 et
1187 2143 1545 2231 personet
1598 2131 1875 2205 nostris
1916 2133 2141 2205 horis.

1068 2235 1590 2332 Suspendatur
1626 2258 1992 2330 organum

1070 2359 1316 2406 omnis
1357 2357 1533 2405 oris.

1068 2437 1224 2509 Rex
1263 2445 1524 2508 noster
1562 2433 1930 2528 amabiliS,

977 2555 1038 2605 ιο
1075 2538 1344 2609 virtute
1380 2534 1799 2629 laudabilis,

1067 2663 1208 2711 evo
1249 2635 1787 2727 memorabiliS,

1069 2738 1513 2811 Guilielmus
1552 2736 1918 2830 decessit,

1065 2842 1266 2911 hunc
1304 2837 1686 2937 oppressit
1720 2860 1924 2908 mors
1966 2835 2307 2907 crudelis.

1067 2942 1128 3014 Ο
1168 2940 1425 3012 infelix
1468 2954 1479 2963 “

970 3052 1034 3106 15
1068 3065 1388 3137 regnum
1430 3039 1594 3111 sine
1634 3060 1814 3132 rege

1065 3144 1214 3213 iam
1255 3166 1402 3212 non
1444 3163 1526 3211 es
1570 3141 1705 3211 sub
1745 3138 1936 3232 lege.

1063 3241 1414 3315 Presules
1456 3249 1532 3311 et
1569 3238 1910 3328 comiteS,

1068 3367 1204 3414 vos
1243 3346 1596 3431 baroneS,
1635 3336 1966 3436 plangite

1067 3443 1368 3541 planctu
1404 3437 1870 3533 lacrimabili,

961 3560 1032 3611 20
1069 3543 1450 3641 planctum
1489 3563 1724 3636 queso
1763 3537 2011 3610 ducite

1065 3647 1157 3716 de
1198 3641 1502 3740 querela
1542 3638 1789 3713 flebili.

1062 3744 1212 3816 Vos
1253 3753 1596 3814 matrone
1638 3738 1953 3834 nobileS,

1063 3843 1396 3940 virgines
1437 3841 1874 3935 laudabiles,

1067 3944 1240 4016 olim
1283 3943 1792 4035 delectabiles,

460 4068 556 4149 13)
622 4066 706 4124 lta
766 4082 952 4121 manu
1011 4062 1370 4136 recentiori;
1431 4061 1491 4120 in
1540 4058 1826 4138 margine
1872 4064 2128 4118 econtra
2177 4076 2364 4117 manu
2412 4074 2647 4116 coaeva

459 4150 682 4230 legitur
735 4166 940 4207 mense
994 4146 1308 4209 novembr.
1413 4144 1601 4219 Quod
1658 4143 1826 4203 idem
1888 4141 2108 4211 fuerit,
2168 4142 2314 4201 dum
2372 4158 2485 4200 rex
2546 4139 2647 4199 die

460 4235 555 4297 16.
590 4230 976 4301 Novembris,
1004 4229 1190 4309 igitur
1226 4230 1320 4292 16.
1355 4226 1489 4289 Kal.
1523 4226 1888 4287 Decembris
1920 4224 2098 4299 obiit,
2144 4224 2419 4304 ideoque
2452 4222 2649 4284 alter-

457 4326 596 4376 utro
644 4336 859 4377 mense
903 4315 1136 4376 obiisse
1182 4312 1302 4374 dici
1350 4320 1576 4390 potest.
