3050 4900
533 474 674 545 138
931 466 1497 543 RYCCARDUS
1554 468 1677 539 DE
1731 467 1803 540 S.
1862 467 2324 541 GERMANO

527 682 643 745 est
698 694 998 768 passus,
1097 669 1376 742 Eodem
1431 691 1698 739 mense
1738 692 1777 739 a
1820 667 2279 740 monasterio
2318 666 2721 742 Casinensi

525 774 717 845 sicut
755 796 796 843 a
837 768 1109 843 ceteris
1150 768 1314 840 aliis
1355 771 1448 841 de
1486 792 1723 863 regno
1764 766 2315 841 cathedralibus
2347 768 2718 866 ecclesiiS,

526 895 822 945 necnon
878 880 953 943 et
1009 894 1048 941 a
1101 868 1410 942 subditis
1471 869 1716 941 eidem
1772 869 2232 943 monasterio
2288 869 2535 959 celliS,
2588 872 2717 941 ad·

519 973 868 1045 iutorium
911 994 1043 1068 pro
1082 970 1541 1069 imperatore
1582 968 1919 1066 exigitur.
1986 969 2343 1042 Similiter
2380 980 2455 1041 et
2491 994 2535 1041 a
2570 971 2718 1042 cle-

520 1073 696 1147 ricis
737 1072 1026 1146 abbatie
1061 1096 1197 1169 pro
1238 1069 1625 1143 beneficiis
1667 1070 1844 1142 suis,
1944 1069 2503 1144 obedientiales
2560 1096 2717 1143 mo-

521 1174 742 1247 nachi
781 1173 1024 1244 vocati
1064 1197 1103 1243 a
1145 1171 1448 1244 Taffuro
1489 1171 1903 1243 castellano
1941 1194 2161 1243 rocce
2203 1170 2485 1267 lanule,
2524 1171 2717 1243 sicut

524 1286 599 1347 et
629 1274 769 1372 ipsi
801 1272 1075 1368 clerici,
1105 1275 1284 1344 dare
1316 1282 1831 1345 convenerunt
1861 1271 2349 1343 medietatem
2378 1272 2716 1344 omnium

520 1384 1022 1474 proventuum
1079 1372 1670 1445 obedientiarum
1730 1396 2077 1469 suarum,
2149 1382 2223 1445 et
2278 1372 2545 1444 exinde
2600 1397 2715 1445 re-

524 1478 900 1574 spondere
938 1475 1314 1571 Roggerio
1369 1478 1461 1546 de
1498 1473 1963 1545 Landenulfo
2016 1482 2091 1546 et
2139 1473 2406 1545 Iacobo
2445 1474 2713 1547 Cazolo

523 1582 612 1649 ad
664 1577 808 1648 hoc
845 1575 1267 1647 constitutis
1310 1598 1444 1672 per
1480 1573 1952 1647 iustitiarium
1992 1583 2190 1646 terre
2226 1572 2535 1647 Laboris
2578 1599 2713 1672 pro

518 1676 717 1750 victu
771 1675 1275 1771 servientum,
1350 1675 1474 1772 qui
1529 1674 1861 1772 deputati
1917 1685 2095 1747 sunt
2146 1676 2236 1747 ad
2295 1674 2711 1748 custodiam

519 1775 958 1849 monasterii
997 1786 1072 1847 et
1109 1774 1593 1849 Pontiscurvi.

670 1879 774 1966 Eo
825 1886 1168 1973 tempore
1215 1876 1635 1973 subscripta
1677 1873 1998 1971 capitula
2039 1874 2233 1947 edita
2274 1886 2451 1951 sunt
2484 1875 2557 1946 in
2598 1900 2712 1947 re-

524 2001 701 2074 gno,
758 2000 901 2074 que
940 2001 1074 2076 pro
1112 1986 1324 2075 parte
1361 1975 1733 2073 imperiali
1770 1974 2153 2048 observari
2195 1976 2573 2049 iubentur:
2628 1977 2711 2049 In

515 2080 800 2172 primis,
859 2083 932 2148 ut
983 2080 1255 2164 fratres
1306 2077 1809 2150 Predicatores
1862 2084 1932 2149 et
1978 2077 2325 2171 Minores,
2378 2081 2497 2173 qui
2548 2085 2715 2150 sant

522 2178 810 2249 oriundi
848 2178 933 2249 de
969 2181 1179 2251 terris
1214 2177 1593 2266 infidelium
1634 2177 2088 2271 Lombardie,
2143 2178 2589 2273 expellantur
2624 2178 2711 2249 de

518 2302 783 2373 reyn05
837 2286 904 2349 et
955 2280 1048 2349 ab
1103 2278 1264 2349 aliis
1311 2278 1669 2349 habeatur
1716 2278 2022 2371 cautela,
2076 2279 2273 2374 quod
2305 2302 2451 2350 non
2488 2280 2708 2365 offen-

519 2378 703 2452 dant
735 2380 1258 2473 imperatorem.
1351 2378 1549 2449 Idem
1584 2380 1715 2464 fiat
1750 2377 1837 2449 de
1876 2377 2037 2451 aliis
2071 2382 2399 2472 personis
2435 2378 2711 2474 reliyio-

517 2481 638 2552 sis.
711 2479 883 2550 Item
923 2486 1002 2550 ut
1034 2482 1344 2552 barones
1381 2486 1446 2550 et
1481 2479 1753 2572 milites,
1793 2482 1911 2574 qui
1943 2483 2280 2558 foverunt
2311 2479 2707 2576 aliquando

516 2585 795 2673 partem
842 2603 1036 2673 pape
1085 2586 1340 2650 contra
1397 2602 1739 2674 cesarem,
1792 2586 1858 2651 et
1901 2582 2233 2675 precipue
2286 2583 2406 2676 qui
2438 2582 2707 2652 suntin

519 2681 822 2766 confinio
860 2681 1081 2775 reyni,
1135 2679 1592 2773 inducantur,
1636 2687 1984 2776 potentes,
2040 2681 2234 2775 quod
2281 2681 2562 2753 vadant
2608 2680 2709 2752 ad

518 2781 879 2852 servitium
929 2781 1122 2851 curie
1177 2782 1247 2851 in
1303 2781 1817 2852 Lambardiam
1876 2805 2032 2854 cum
2088 2784 2284 2877 equis
2337 2789 2406 2853 et
2456 2783 2704 2874 armis,

515 2881 932 2973 impotentes
990 2881 1308 2952 similiter
1378 2906 1422 2952 a
1485 2883 1691 2953 curia
1758 2881 2111 2975 imperiali
2178 2882 2533 2975 stipendia
2600 2904 2703 2952 re-

519 2983 811 3072 cepturi.
895 2980 1066 3052 Item
1109 3006 1156 3052 a
1193 2981 1725 3052 cathedralibus
1761 2981 2070 3054 ecclesiis
2100 3005 2231 3075 per
2266 3007 2340 3054 se
2376 2984 2709 3076 eaeiyatur

517 3085 586 3151 et
609 3082 1024 3172 imponatur
1047 3104 1181 3173 pro
1207 3081 1565 3174 imperiali
1590 3082 1794 3152 curia
1827 3081 2286 3176 adiutorium,
2316 3083 2705 3155 secundum

521 3179 813 3250 modum
852 3186 916 3250 et
949 3182 1338 3272 potentiam
1377 3180 1787 3251 divitiarum
1825 3205 2148 3254 suarum.
2237 3183 2707 3256 Nihilominus

515 3285 584 3352 et
617 3303 662 3350 a
701 3281 1066 3352 canonicis
1103 3303 1351 3351 earum
1391 3280 1769 3374 dyocesum
1807 3282 1942 3354 sibi
1974 3283 2273 3356 subditis
2289 3283 2707 3378 presbiteris

496 3387 585 3452 ·et
618 3378 892 3452 clericis
927 3381 1312 3452 secundum
1350 3382 1739 3467 facultates
1772 3407 2039 3457 eorum.
2135 3383 2321 3456 Illud
2364 3384 2551 3457 idem
2589 3407 2703 3456 esc·

515 3481 761 3573 iqatur
814 3480 906 3551 ab
963 3481 1364 3575 abbatibus,
1419 3483 1790 3554 monachis
1841 3486 2065 3579 niyris
2114 3490 2179 3554 et
2230 3484 2433 3556 albis.
2531 3484 2705 3555 Item

513 3579 708 3674 quod
753 3580 850 3651 hii
898 3583 1016 3676 qui
1050 3587 1218 3653 sunt
1247 3584 1319 3653 in
1354 3582 1691 3654 Romana
1727 3585 1957 3678 curia,
2006 3590 2246 3677 preter
2280 3585 2605 3658 escclusos
2640 3590 2707 3655 et

510 3688 907 3775 suspectos,
979 3689 1431 3754 revertantur
1479 3685 1555 3753 in
1606 3706 1941 3777 reynum5
2006 3686 2117 3756 sin
2170 3692 2443 3780 autem,
2511 3685 2703 3756 hona

511 3803 754 3860 eorum
793 3784 1220 3877 infiscentur,
1259 3806 1387 3855 nec
1415 3785 1925 3876 permittantur
1955 3791 2120 3879 post
2155 3786 2559 3857 citationem
2600 3807 2704 3855 re·

513 3882 708 3952 verti.
812 3881 1282 3976 Excipiuntur
1335 3884 1454 3978 qui
1503 3889 1670 3954 sunt
1718 3907 1877 3956 cum
1914 3885 2279 3957 cardinali
2319 3885 2586 3956 Thoma
2638 3890 2706 3955 et

509 4003 669 4052 cum
719 3981 1040 4054 Iohanne
1091 3985 1175 4056 de
1233 3985 1485 4077 Capua
1534 3986 1823 4056 notario
1872 4009 2082 4080 pape.
2188 3985 2362 4058 Item
2416 3985 2701 4057 illorum

509 4078 952 4175 clericorum,
1009 4086 1128 4178 qui
1176 4083 1264 4157 de
1320 4106 1541 4178 reyno
1596 4107 1739 4157 non
1792 4092 1977 4181 sunt,
2034 4086 2227 4158 bona
2265 4093 2335 4157 et
2366 4086 2701 4172 beneficia

509 4203 641 4274 que
677 4180 996 4254 habeant
1027 4186 1099 4255 in
1135 4207 1356 4279 reqno
1394 4185 1799 4272 infiscanda
1838 4194 2019 4260 sunt.
2086 4187 2261 4258 Item
2300 4185 2497 4282 quod
2529 4183 2705 4257 nulli

503 4283 961 4373 permittatur
995 4283 1096 4355 ad
1127 4284 1533 4357 Romanam
1572 4285 1942 4358 ecclesiam
1982 4287 2323 4359 accedere
2357 4288 2509 4358 sine
2544 4309 2700 4379 spe-
