3050 4900
1115 547 1124 553 ·
1238 440 1318 512 Α.
1381 442 1592 516 1230.
2412 448 2501 520 91

319 643 440 721 vel
478 666 654 717 esse
696 638 976 713 vellet
957 664 1033 711 m
1071 649 1436 737 apparatu
1478 638 1775 713 militari
1814 643 1905 713 ad
1946 640 2333 716 servitium
2380 643 2515 716 im·

324 738 734 857 pelatoris7
785 741 952 839 ipse
1003 740 1416 838 imperator
1467 739 1881 813 immunem
1940 766 2113 813 eum
2166 747 2257 816 ab
2308 744 2513 816 omni

323 844 632 919 servitio
681 844 992 934 faceret,
1046 851 1122 913 et
1171 843 1264 913 de
1317 839 1549 913 anmis
1602 852 1677 913 et
1728 843 1941 938 equis
1980 842 2137 917 suis
2177 856 2385 917 esset
2418 848 2511 919 ad

321 946 690 1019 redditum
731 966 952 1015 suum
973 939 1034 989 ³³

469 1044 734 1117 Mense
772 1041 1016 1115 Martii
1066 1041 1306 1113 dictus
1353 1040 1751 1115 cardinalis
1788 1042 2065 1116 Sancte
2103 1044 2379 1118 Sabine
2416 1047 2511 1117 de

321 1148 606 1219 Suessa
647 1144 1043 1217 discedens
1083 1141 1423 1214 Gaietam
1463 1166 1549 1213 se
1588 1143 1923 1254 contulit,
1978 1144 2097 1218 ubi
2142 1156 2323 1217 tunc
2360 1146 2513 1243 epi-

321 1268 598 1345 scopus
636 1253 948 1317 venerat
985 1242 1484 1336 Tusculanus,
1540 1242 1662 1339 qui
1700 1256 2106 1319 vocaverat
2139 1245 2411 1343 ipsum.

477 1349 754 1419 lterum
817 1353 1074 1416 autem
1133 1341 1441 1439 predicti
1497 1344 1835 1441 Reginus
1892 1346 2511 1444 archiepiscopus

323 1458 398 1520 et
427 1448 790 1543 magistet
819 1448 1084 1517 domus
1116 1443 1567 1515 Teutonicoi
1574 1470 1695 1516 um
1727 1446 1821 1517 ad
1850 1471 2125 1543 papam
2157 1449 2512 1542 redeunt·

323 1559 397 1621 et
434 1549 626 1621 alter
661 1570 922 1619 eorum
962 1544 1204 1617 silicet
1243 1543 1608 1639 magister
1636 1548 1903 1617 domus
1935 1548 2512 1619 Teutonicorum

322 1648 662 1720 Gaietain
716 1646 954 1739 vadit,
1011 1668 1178 1716 cum
1233 1668 1378 1739 quo
1435 1645 1674 1717 dictus
1728 1646 2122 1720 cardinalis
2176 1650 2369 1721 ledit
2420 1650 2510 1720 ad

322 1750 620 1823 Urbem·
674 1746 1142 1819 Tusculanus
1175 1756 1427 1817 autem
1457 1756 1635 1817 tunc
1662 1747 1865 1818 venit
1882 1748 2509 1821 pontemcurvum

323 1874 490 1921 cum
548 1848 741 1921 dicto
795 1847 1028 1919 fratie
1077 1846 1491 1919 Leonaissdo
1600 1846 1893 1945 Quique
1948 1872 1987 1919 a
2046 1850 2513 1922 pontecurvo

323 1952 799 2064 Ceperanum
853 1946 1092 2042 vadit,
1147 1970 1283 2042 per
1337 1970 1528 2042 quos
1577 1949 1973 2021 transitum
2026 1950 2317 2022 habens
2370 1950 2513 2021 Re-

321 2052 546 2148 ginus
597 2047 1242 2159 archiepiscopus,
1296 2049 1384 2119 ad
1437 2048 1713 2120 Urbem
1764 2049 2144 2145 profectus
2184 2060 2333 2144 est3
2389 2050 2511 2123 ubi

320 2176 454 2249 pro
511 2146 1056 2245 compositione
1113 2140 1331 2217 inter'
1360 2171 1632 2244 papam
1674 2158 1749 2219 et
1786 2169 2130 2220 cesarem
2171 2104 2513 2222 facienda

322 2254 470 2325 dux
509 2248 810 2325 Austrie
864 2250 1008 2319 dux
1063 2246 1442 2321 Carinthie
1499 2258 1572 2319 et
1626 2250 1772 2320 dux
1829 2249 2159 2321 Moravie
2180 2247 2243 2295 ³4
2287 2272 2513 2322 vene-

322 2363 492 2425 iant
541 2348 766 2423 simul
816 2371 990 2420 cum
1027 2347 1450 2445 patriarcha
1485 2348 1974 2445 Aquilegensi
2014 2360 2091 2422 et
2125 2348 2515 2423 Salsebur-

321 2453 542 2552 gensi
579 2448 1169 2548 archiepiscopo.

471 2555 679 2626 Tunc
716 2552 947 2623 frater
979 2549 1476 2623 Leonardus
1459 2575 1533 2621 ιη
1572 2573 1793 2624 rocca
1827 2552 2193 2625 Draconis
2246 2552 2513 2625 castel-

322 2656 576 2727 lanum
618 2650 826 2750 ponit
857 2652 1203 2723 Anneum
1243 2652 1333 2722 de
1374 2651 1561 2722 Rivo
1600 2651 1955 2724 Matricio.

470 2753 730 2828 Dictus
769 2751 1242 2824 Tusculanus
1281 2762 1680 2823 revocatur
1714 2755 1805 2824 ad
1835 2752 2145 2848 Urbem3
2184 2751 2306 2849 qui
2340 2775 2511 2824 cum

323 2853 558 2927 tribus
611 2852 775 2926 aliis
814 2850 1311 2924 cardinalibus
1353 2863 1426 2924 et
1465 2875 1634 2924 cum
1675 2852 2129 2949 principibus
2165 2852 2513 2924 Alaman-

324 2955 444 3026 nie
485 2979 667 3052 supi
671 2953 932 3025 aductus
971 2952 1178 3050 pacis
1217 2956 1494 3025 bonum
1535 2952 1730 3025 inter
1757 2975 2029 3050 papam
2062 2961 2139 3025 et
2166 2975 2511 3025 cesarem

324 3056 540 3128 electi
580 3054 1008 3152 specialiter
1043 3063 1574 3125 tractaverunt.

473 3155 813 3243 Quedam
864 3153 1128 3251 Apulie
1180 3153 1562 3252 civitates,
1631 3151 1874 3226 silicet
1924 3141 2279 3246 Civitate,
2344 3143 2514 3226 Ala·

325 3255 609 3350 r7inurn
664 3255 1019 3328 Sanctus
1043 3254 1415 3349 Severus,
1471 3253 1740 3327 Casale
1800 3277 2075 3325 novum
2134 3264 2209 3325 et
2256 3253 2515 3349 Fogia‚

240 3387 255 3400 ··
326 3356 633 3427 veniunt
679 3358 772 3426 ad
824 3356 1260 3428 mandatum
1313 3353 1826 3450 impeiatoiis2
1898 3378 2045 3451 que
2102 3353 2241 3427 sibi
2290 3364 2513 3426 antea

327 3457 648 3530 rebelles
702 3457 1127 3547 extiterant,
1182 3465 1255 3526 et
1306 3457 1623 3526 redeunt
1672 3459 1763 3526 ad
1804 3459 2229 3538 mercedem
2274 3479 2515 3527 suam.

477 3557 738 3629 Mense
779 3555 1052 3653 Aprilis
1104 3557 1334 3627 duces
1389 3553 1698 3651 predicti
1738 3579 1905 3626 cum
1952 3555 2237 3653 Regino
2277 3555 2515 3626 archi-

327 3657 684 3754 episcopo
719 3675 806 3727 ac
829 3655 1190 3752 magistro
1215 3659 1480 3728 domus
1503 3655 2081 3728 Teutonicorum
2110 3658 2513 3728 redeuntes

326 3784 368 3829 a
409 3780 603 3854 papa
645 3772 812 3826 cum
851 3767 1172 3828 tractatu
1211 3767 1286 3828 et
1323 3757 1560 3827 forma
1604 3756 2023 3851 concordie5
2063 3755 2134 3825 in
2166 3747 2512 3852 Apuliam

326 3861 416 3930 ad
459 3881 800 3929 cesarem
845 3858 1152 3950 vadunt·
1191 3857 1310 3930 ubi
1351 3881 1519 3928 cum
1563 3881 1653 3928 eo
1686 3867 1863 3954 aput
1888 3857 1942 3927 F
1945 3880 2196 3951 ogiam
2228 3857 2509 3954 pascha

325 3957 618 4031 Domini
661 3955 1064 4030 celebrant

475 4058 784 4130 Decimo
839 4057 956 4130 die
1018 4057 1300 4130 mensis
1355 4057 1723 4130 eiusdem
1750 4055 2133 4170 Philippus
2190 4059 2281 4130 de
2314 4055 2511 4130 Citro

327 4157 884 4232 comestabulus
918 4155 1172 4254 Capue
1209 4159 1573 4254 magister
1610 4168 1728 4232 est
1764 4158 2015 4255 operis
2047 4157 2300 4231 Sancti
2332 4158 2511 4231 Ger

321 4276 424 4354 33)
472 4276 508 4337 i.
557 4295 609 4335 e.
656 4279 732 4336 ad
782 4291 1118 4355 expensam
1164 4276 1582 4355 imperatoris,
1755 4277 1856 4360 34)
1904 4276 1942 4336 i.
1991 4297 2043 4341 e.
2090 4275 2385 4339 Meranie·

1910 4363 2004 4433 7.
