3050 4900
1094 491 1172 562 A.
1236 493 1448 566 1217.
1514 495 1725 566 1218.
2408 491 2503 564 43

309 692 553 768 dendo
592 691 730 764 viri
771 691 1051 765 cordati
1090 693 1282 765 alter
1333 693 1653 766 alterum
1711 693 2144 790 preveni1·e‚
2200 719 2371 766 mox
2434 694 2506 764 in
2602 775 2613 785 ,

312 804 564 894 partes
621 795 828 866 scala
883 794 1288 893 confracta,
1341 792 1629 868 loricati
1687 793 1985 890 milites3
2042 796 2227 892 proh
2267 793 2511 868 dolor!

317 895 774 990 ceciderunt,
813 919 1131 992 quorum
1168 895 1366 968 haud
1400 895 1701 968 dubium
1733 905 1851 968 est
1879 895 1949 967 in
1983 896 2226 968 celum
2260 897 2509 970 anime

315 997 730 1070 avolarunt.
811 997 903 1068 Et
937 995 1173 1068 nostri
1210 1006 1388 1067 tunc
1425 995 1869 1094 imperfecto
1910 997 2213 1093 negotio
2251 997 2511 1070 tristes

318 1107 531 1194 sunt,
598 1095 1000 1170 letantibus
1057 1120 1098 1168 e
1153 1097 1523 1169 contrario
1576 1095 2055 1192 Sarracenis‚
2110 1100 2198 1169 ad
2261 1108 2509 1170 castra

319 1195 646 1293 reversi3
701 1220 842 1269 nec
878 1207 1132 1270 tamen
1174 1196 1623 1270 destiterunt
1660 1223 1702 1270 a
1744 1197 2007 1296 ceptis,
2064 1197 2236 1311 quin
2279 1198 2510 1270 immo

319 1303 407 1372 ad
443 1297 885 1396 capiendam
915 1309 1200 1370 turrem
1227 1298 1472 1396 ipsam
1503 1299 2033 1370 vehementius
2065 1300 2514 1374 animantur.

316 1403 424 1471 Ad
466 1423 694 1496 quam
733 1423 902 1471 cum
943 1422 1079 1498 per
1115 1423 1350 1511 aquas
1391 1401 1867 1494 accederent
1904 1399 2219 1472 navibus
2252 1411 2327 1472 et
2354 1423 2515 1471 sca-

321 1501 565 1572 larum
617 1498 940 1598 ingeniis
997 1498 1442 1596 geminatiS,
1499 1511 1573 1571 et
1623 1524 1759 1597 per
1811 1510 2090 1572 teriam
2137 1503 2401 1572 darent
2440 1508 2515 1571 ut

317 1610 666 1700 poterant
695 1599 1130 1699 frequentes
1163 1599 1510 1695 insultuS‚
1551 1601 1795 1673 divina
1829 1604 2134 1673 dextera
2164 1601 2517 1692 faciente,

322 1725 590 1774 mense
628 1701 946 1798 Augusti
996 1700 1068 1772 in
1123 1701 1317 1773 festo
1371 1701 1569 1775 beati
1604 1701 2114 1774 Bartholomei
2170 1701 2517 1799 apostoli,

334 1813 620 1876 turrem
659 1801 904 1900 ipsam
941 1801 1450 1901 optinuerunt,
1508 1813 1582 1874 et
1618 1801 1742 1900 qui
1778 1802 1854 1872 in
1896 1827 1982 1874 ea
2024 1801 2304 1875 inventi
2346 1812 2521 1874 sunt

321 1902 588 2000 gladiis
619 1905 1038 1976 occubuere
1069 1913 1526 1996 nostrorum,
1560 1903 2007 2001 quibusdam
2038 1902 2519 1977 nobilioribus

326 2003 737 2078 reservatis
763 2007 852 2076 ad
877 2004 1132 2098 vitam,
1153 2028 1343 2101 quos
1367 2003 2210 2078 rexlherosolimitanus
2232 2005 2519 2078 vinctos

323 2107 575 2178 Accon
615 2103 860 2200 dirigit
898 2103 972 2175 in
1010 2101 1318 2178 victorie
1359 2105 1683 2202 signum.
2218 2137 2222 2140 ·

1305 2324 1555 2414 1218.

476 2502 635 2574 Hoc
673 2523 871 2571 anno
912 2524 1179 2572 mense
1207 2500 1447 2573 Martii
1488 2504 1808 2575 domnus
1849 2500 2225 2575 Iohannes
2264 2500 2355 2573 de
2386 2499 2523 2577 Co·

326 2605 639 2713 lumpna
691 2602 970 2673 dudum
1027 2612 1208 2699 aput
1256 2602 1712 2675 Durachium
1768 2612 2071 2701 cap-tus⁷
2125 2604 2213 2677 ad
2255 2627 2520 2701 pleces

330 2727 528 2802 pape
566 2701 922 2774 liberatur
958 2726 999 2773 a
1038 2701 1379 2797 vinculis,
1437 2714 1512 2775 et
1562 2705 1859 2801 legatus
1901 2704 2523 2801 Constantinopo-

331 2806 355 2877 l
410 2828 484 2877 m
524 2802 744 2874 vadit.

357 2830 405 2901 y
484 2905 658 2977 Otto
711 2901 952 2975 dictus
1005 2902 1416 2999 imperator
1467 2905 1663 2999 apud
1715 2902 2156 2997 Brunsvych
2208 2902 2526 2975 naturali

334 3015 577 3079 morte
618 3002 1065 3099 defungitur.

485 3103 836 3203 Pelagius
873 3104 1321 3177 Albanensis
1363 3104 1766 3201 episcopus
1808 3127 1851 3175 a
1888 3102 2305 3175 Brundusio
2355 3126 2524 3177 cum

335 3208 603 3280 lacobo
655 3204 926 3277 comite
962 3205 1237 3277 Andrie
1275 3206 1592 3277 Romani
1632 3206 2006 3277 exercitus
2060 3204 2394 3303 principe
2450 3206 2524 3277 in

335 3306 628 3403 Syriam
680 3305 1132 3378 transfretat.
1239 3307 1331 3377 Et
1381 3315 1561 3378 tunc
1612 3305 1948 3377 nonnulli
1988 3329 2209 3377 cruce
2249 3305 2526 3403 signati

339 3412 432 3481 de
460 3418 659 3479 terra
691 3404 943 3481 Sancti
971 3405 1354 3479 Benedicti
1386 3416 1459 3479 et
1485 3406 1801 3478 aliarum
1836 3405 2156 3504 partium
2188 3429 2231 3479 a
2262 3406 2525 3483 Gaieta

339 3507 640 3604 navigio
704 3506 1272 3579 lherosolimam
1331 3518 1631 3606 petunt3
1704 3518 1778 3579 et
1840 3531 2201 3605 prospere
2265 3531 2527 3607 perve-

339 3610 634 3681 nientes
662 3610 941 3703 Accon,
979 3607 1227 3679 audito
1264 3611 1355 3680 de
1386 3608 1731 3707 captione
1759 3610 2009 3702 turris⁷
2047 3610 2329 3680 vadunt
2364 3608 2527 3681 sine

341 3732 552 3783 mole
589 3707 921 3807 periculo
957 3708 1408 3781 Damiatam.

489 3809 924 3906 Dyopuldus
977 3809 1315 3906 prefatus
1371 3812 1462 3882 de
1516 3811 1867 3881 mandato
1915 3808 2119 3905 regis
2156 3806 2529 3880 Frederici

338 3910 414 3981 in
445 3912 866 3983 Romanum
906 3909 1437 4006 imperatorem
1480 3909 1699 3982 electi
1736 3934 1779 3980 a
1818 3908 2090 3982 comite
2127 3908 2393 3981 Iacobo
2434 3909 2526 3980 de

341 4012 620 4085 Sancto
654 4010 1022 4083 ›Severino
1059 4034 1346 4105 genero
1388 4035 1525 4083 suo
1566 4008 1872 4107 capitur.

492 4112 926 4185 Constantia
966 4135 1154 4183 uxor
1187 4110 1361 4183 dicti
1400 4110 1603 4207 regis
1641 4109 1716 4181 in
1746 4110 2171 4182 Romanum
2209 4110 2530 4209 impera-

341 4222 586 4284 torem
624 4212 872 4309 electi,
911 4223 1174 4285 vocata
1215 4235 1257 4283 a
1288 4212 1447 4283 viro
1475 4236 1618 4284 suo
1642 4212 1713 4283 in
1743 4210 2294 4307 Alamanniam.,
2328 4210 2530 4283 vadit

341 4315 432 4385 ad
475 4313 742 4410 ipsum.
1957 4408 1960 4411 Ι

1932 4414 2026 4484 4·
