3050 4900
1264 467 1346 544 A.
1411 465 1621 546 1193.
2456 475 2544 548 13

353 666 586 745 multa
617 670 980 769 supplicia
1012 670 1310 768 pietatis
1341 696 1571 746 causa
1605 695 1752 742 non
1787 670 2085 767 profuit,
2114 670 2255 746 nisi
2283 673 2545 748 redimi

354 771 784 870 profuisset.
851 772 1178 844 Roccam
1219 773 1442 846 etiam
1481 771 1868 845 Ravenule
1906 773 2217 868 aggredi
2248 798 2288 846 a
2318 775 2544 846 bella-

352 873 636 946 toribus
676 872 989 968 facienS,
1027 897 1164 970 per
1199 873 1559 946 insultum
1600 871 1816 971 cepit.
1895 875 2321 967 Vayranum
2360 875 2544 947 acri·-

247 1015 264 1027 ·
299 1063 304 1068 ,
350 985 469 1047 ter
505 973 962 1072 inpugnans,
1002 973 1122 1046 ubi
1153 975 1450 1072 quidam
1487 983 1651 1047 erat
1677 973 2099 1070 Roggerius
2131 978 2223 1047 de
2256 975 2540 1048 Theate

351 1100 487 1174 pro
527 1098 709 1172 rege
747 1084 1097 1170 statutus,
1134 1073 1207 1146 in
1245 1075 1446 1147 nullo
1487 1075 1821 1173 profecit.
1883 1073 2205 1146 Demum
2245 1099 2542 1150 succre-

355 1175 738 1250 scentibus
769 1175 836 1248 ei
868 1175 1143 1249 viribus
1167 1186 1241 1247 et
1263 1177 1353 1248 ad
1377 1200 1551 1248 eum
1574 1175 1899 1272 undique
1924 1177 2539 1250 concurrentibus

351 1277 474 1374 qui
529 1275 733 1372 regis
784 1287 1074 1374 partem
1126 1280 1466 1374 oderant,
1519 1300 1839 1373 regnum
1878 1274 2244 1373 imperiali
2285 1277 2541 1350 nititur

350 1376 696 1450 subicere
735 1377 1096 1449 servituti.

502 1477 660 1550 Rex
711 1502 891 1550 vero
949 1478 1382 1550 Tancredus
1437 1479 1531 1549 de
1584 1474 1831 1549 Sicilia
1887 1477 1958 1547 in
2014 1477 2359 1574 Apuliam
2412 1504 2538 1551 ve·

351 1578 598 1674 niem,
655 1578 1062 1652 exercitum
1123 1589 1539 1674 congregat
1592 1577 2009 1674 copiosum⁷
2061 1579 2325 1651 volens
2363 1579 2538 1651 Ber-

350 1678 526 1752 toldi
585 1679 782 1752 vires
835 1679 1200 1777 oppositis
1267 1679 1544 1750 viribus
1610 1677 1995 1775 impedire.
2101 1679 2230 1750 Cui
2294 1679 2534 1754 dictus

349 1779 744 1852 Bertoldus
807 1805 978 1852 cum
1044 1780 1198 1853 suis
1263 1790 1338 1850 et
1399 1779 1564 1852 aliis
1621 1781 1712 1851 de
1768 1803 2004 1875 regno
2062 1779 2531 1877 imperialem

350 1890 640 1978 partem
680 1881 1131 1976 foventibus,
1171 1890 1428 1977 utpote
1469 1881 1579 1951 vir
1616 1880 2173 1976 magnanimus7
2230 1881 2535 1953 viriliter

347 2007 432 2053 se
471 1982 814 2080 opponit5
865 1993 942 2056 et
979 2006 1161 2078 rege
1197 1982 1359 2078 ipso
1413 2005 1496 2054 se
1556 2005 1725 2052 cum
1781 2004 1917 2052 suo
1972 1983 2299 2053 exercitu
2352 1993 2532 2080 aput

347 2093 682 2154 montem
717 2083 1116 2156 Fusculum
1158 2083 1623 2174 conferente,
1672 2082 1837 2177 ipse
1884 2091 2141 2152 contra
2193 2107 2365 2154 eum
2406 2109 2531 2154 va-

343 2186 571 2276 dem,
627 2184 822 2280 apud
874 2182 1341 2255 Batticanum
1405 2182 1655 2278 posuit
1702 2191 1948 2253 castra
2002 2205 2165 2294 sua,
2217 2183 2528 2281 cupiens

346 2308 515 2355 cum
570 2283 735 2381 ipso
792 2306 975 2380 rege
1028 2283 1308 2355 habere
1363 2306 1903 2377 congressum:
1955 2281 2023 2354 id
2064 2282 2309 2380 ipsum
2350 2309 2527 2380 pars

344 2384 575 2482 regis,
630 2386 720 2456 ad
758 2407 998 2499 quem
1051 2383 1246 2457 vines
1289 2383 1610 2497 undique
1650 2380 2151 2478 confluebant,
2204 2388 2527 2482 optabat.

343 2486 475 2559 Set
512 2486 986 2582 conspiciens
1025 2510 1158 2557 rex
1196 2485 1356 2583 ipse
1398 2496 1471 2557 et
1507 2486 1579 2555 in
1621 2484 1929 2557 consilio
1968 2486 2285 2579 habens7
2334 2489 2525 2582 quod

343 2588 583 2658 honor
620 2587 757 2659 sibi
795 2611 943 2658 non
984 2597 1144 2659 erat
1183 2612 1349 2658 cum
1388 2586 1738 2658 Bertoldo
1796 2587 2177 2681 congredi,
2236 2596 2309 2658 et
2344 2587 2524 2658 Ber-

339 2690 586 2759 toldus
647 2712 966 2759 cernens
1029 2688 1460 2760 debiliorem
1528 2696 1816 2785 partem
1884 2712 2140 2779 suam,
2206 2688 2523 2785 prelium

341 2787 728 2885 sapienter
765 2788 1162 2860 declinavit
1201 2797 1539 2884 uterque„
1578 2797 1651 2858 et
1686 2787 2120 2859 discedente
2152 2788 2320 2859 inde
2347 2788 2526 2860 Ber·

337 2889 580 2984 toldo⁷
647 2888 769 2985 qui
821 2890 1432 2985 Laquedomum·
1488 2888 1908 2984 hospitatus
1963 2899 2119 2981 est,
2173 2912 2303 2958 rex
2355 2889 2521 2986 ipse

339 2991 575 3061 movit
609 3014 651 3061 a
691 3001 943 3061 monte
981 2990 1296 3061 Fusculo
1337 3000 1580 3061 castra
1628 3012 1785 3060 sua.
1884 2988 2090 3059 Tunc
2128 2988 2522 3063 Bertoldus

338 3114 476 3188 per
504 3090 1001 3189 Capitinatam
1039 3090 1365 3162 rediens.
1406 3090 1476 3161 in
1509 3089 1861 3161 comitatu
1893 3089 2157 3161 Molisii
2190 3100 2519 3163 castrum
2606 3116 2619 3133 ⁸

339 3191 615 3264 montis
653 3192 1006 3287 Rodonis.,
1061 3193 1253 3288 quod
1294 3216 1378 3263 se
1417 3215 1551 3289 pro
1592 3214 1774 3286 rege
1823 3192 2151 3286 tenebat
2209 3191 2520 3263 circum-

335 3294 579 3405 posita
637 3293 1020 3366 obsidione
1077 3303 1396 3386 coartat·
1451 3292 1697 3388 ibique
1750 3291 1867 3361 die
1924 3294 2518 3405 qtioda11i‚d11m

337 3392 511 3465 illud
570 3393 880 3490 aggredi
940 3393 1223 3464 faceret
1287 3418 1325 3463 a
1395 3390 1933 3504 pugnatoribus
2002 3393 2205 3488 suiS‚
2268 3348 2517 3490 lapide

339 3494 794 3607 manganelli
859 3492 1217 3565 contritus
1297 3493 1683 3586 occubuit7
1766 3492 2066 3605 eiquel
2048 3492 2519 3566 Muscancer-

337 3596 576 3667 vellus
642 3596 712 3665 in
779 3598 1045 3667 ducem
1114 3594 1482 3666 successit
1554 3593 1967 3689 exercitu53
2038 3594 2161 3691 qui
2212 3600 2514 3667 tandem

335 3707 664 3767 castrum
706 3696 956 3809 ipsum
994 3695 1382 3767 obsidione
1420 3693 1741 3793 firmata7
1781 3719 1917 3791 per
1954 3696 2149 3767 sitim
2184 3694 2518 3792 capiens,

333 3821 481 3868 non
538 3821 674 3893 per
722 3797 899 3910 vim9
955 3822 1142 3893 quos
1197 3795 1393 3909 cepit
1450 3796 1735 3866 incolas
1792 3796 2015 3867 variis
2070 3794 2515 3868 cruciatibus

333 3897 497 3969 sine
536 3921 672 3995 spe
711 3897 929 3969 venie
969 3897 1366 3969 iiffiteiemit.

483 3999 635 4070 Rex
695 4022 874 4069 vero
913 4000 1346 4069 Tanciedus
1400 4006 1580 4067 tunc
1636 4006 1963 4069 castrum
2010 3996 2386 4069 Sabiniani
2446 3998 2511 4068 vi

330 4098 554 4195 cepit
594 4110 668 4171 et
705 4102 1077 4198 quendam
1119 4098 1213 4170 ibi
1254 4098 1600 4171 Saiolum
1652 4098 1959 4194 capiens
2012 4097 2246 4194 ipsius
2285 4098 2510 4170 castri

326 4199 738 4295 dominum,
770 4199 888 4298 qui
919 4202 1008 4272 de
1038 4224 1219 4295 rege
1250 4200 1414 4297 ipso
1448 4198 1761 4270 multum
1784 4199 2026 4270 fuerat
2049 4200 2437 4272 oblocutus
2457 4201 2511 4293 ¹²,

325 4322 373 4390 a)
417 4320 726 4393 Laquedoffi
767 4342 814 4378 c.
849 4325 951 4389 M.;
994 4322 1396 4394 Laquedonium
1440 4324 1499 4375 G.
1652 4324 1703 4392 b)
1741 4340 1845 4379 vox
1886 4326 1950 4378 ob
1988 4342 2231 4380 rasuram
2268 4326 2512 4381 obscura.
