3050 4900
1302 476 1383 549 A.
1445 476 1656 549 1230.
2482 476 2582 551 99

403 682 468 747 et
505 701 552 746 a
591 675 992 771 reyionibus
1029 674 1404 747 harenosis
1437 674 1803 747 sablonem
1834 675 2236 768 sublevans,
2274 682 2339 747 et
2363 698 2589 770 snpra

405 778 724 849 civitates
749 779 928 848 sitas
951 777 1329 869 proximas
1353 775 1651 871 playam
1678 774 2056 867 deducens,
2082 782 2153 847 et
2177 778 2590 869 cooperiens

405 900 554 968 eas,
608 877 712 947 ita
747 880 961 949 etiam
1001 875 1194 971 quod
1228 900 1358 948 eas
1391 875 1795 962 suffocabit.
1883 874 1978 946 Et
2006 878 2241 969 primo
2282 877 2594 951 destruet

405 979 726 1047 civitates
773 975 1192 1066 orientales,
1261 981 1329 1049 et
1377 976 1797 1049 nominatim
1858 976 2179 1069 Thetam,
2230 975 2591 1069 Batdach,

408 1076 790 1169 Capotym,
865 1075 1355 1168 Babitoniam,
1427 1082 1492 1147 et
1552 1098 1795 1147 omnes
1846 1078 2165 1149 civitates
2215 1076 2595 1153 harenosis

403 1176 578 1247 Iocis
612 1179 794 1248 sitas
826 1176 938 1247 vel
960 1178 1364 1270 proximas,
1417 1178 1520 1248 ita
1574 1174 1769 1271 quod
1810 1175 2013 1249 nulla
2054 1198 2309 1250 earum
2340 1177 2596 1251 evadet

405 1278 570 1371 quin
608 1274 898 1347 harenis
933 1282 1087 1347 tota
1125 1279 1511 1370 operiatur.
1612 1274 1770 1347 Erit
1800 1279 2051 1348 iterum
2090 1277 2336 1351 eodem
2376 1299 2591 1369 anno,

395 1378 600 1469 prius
635 1399 850 1471 qnam
887 1376 1169 1470 planete
1201 1378 1631 1448 conveniant
1664 1377 1737 1448 in
1772 1375 1981 1469 libra,
2016 1376 2364 1473 enclypsis
2397 1374 2593 1469 solis,

403 1498 538 1571 que
583 1483 804 1547 totam
853 1499 1119 1570 corpus
1171 1476 1358 1549 itlius
1405 1476 1842 1569 obscurabit,
1896 1482 1963 1549 et
2004 1477 2143 1550 hac
2176 1479 2594 1571 operatione

400 1575 839 1669 precedente,
877 1576 1052 1648 luna
1087 1581 1242 1648 tota
1277 1578 1593 1669 patietur
1627 1576 2006 1671 enclypsin.
2060 1577 2219 1649 Erit
2248 1576 2594 1670 enetypsis

403 1674 579 1747 solis
614 1677 800 1770 iynei
834 1675 1096 1748 coloris
1132 1683 1198 1748 et
1234 1676 1601 1768 deformis,
1640 1676 2017 1749 ostendens
2050 1680 2443 1751 maximum
2479 1680 2592 1761 su·-

402 1781 640 1869 turum
675 1775 926 1849 bellum
963 1798 1125 1849 cum
1163 1777 1508 1864 effusione
1544 1777 1917 1871 sanquinis
1949 1800 2172 1870 prope
2199 1778 2485 1862 fluvium
2520 1778 2595 1849 in

401 1880 601 1947 terra
643 1876 968 1968 Orientis,
1023 1882 1093 1947 et
1135 1876 1458 1949 similiter
1505 1879 1581 1949 in
1630 1884 1825 1949 terra
1882 1876 2297 1969 Occidentis,
2348 1883 2423 1949 et
2465 1878 2599 1951 erit

403 1975 729 2048 dubietas
765 1982 833 2047 et
864 1980 1278 2071 iynorantia
1313 1980 1498 2049 inter
1521 1976 2001 2070 Sarracenos,
2036 1980 2143 2050 ita
2174 1977 2372 2073 quod
2390 1980 2594 2073 peni-

403 2082 518 2147 tus
551 2098 970 2170 synayoyas
1004 2080 1448 2149 maumerias
1483 2083 1554 2147 et
1585 2084 1861 2149 secreta
1898 2100 2145 2149 eorum
2184 2074 2594 2173 relinquent.

415 2175 908 2247 Verumtamen
937 2181 1180 2247 notum
1207 2178 1304 2249 sit
1323 2177 1649 2249 omnibus
1678 2179 1797 2271 qui
1816 2176 2195 2270 enclypsim
2216 2176 2390 2251 solis
2412 2176 2593 2251 vide-

406 2276 590 2367 bitis,
643 2298 804 2347 cum
853 2276 1178 2349 omnibus
1227 2279 1481 2349 vestm's
1529 2300 1577 2347 a
1631 2283 1830 2351 terra
1883 2279 2171 2369 exeatis,
2224 2282 2293 2349 et
2347 2280 2423 2349 ut
2471 2275 2597 2351 hec

403 2376 728 2468 firmiora
783 2381 852 2447 et
899 2378 1212 2449 certiora
1249 2378 1569 2469 teneatis,
1624 2384 2011 2474 antequam
2048 2374 2392 2472 enclypsis
2426 2376 2598 2452 solis

407 2483 472 2550 et
517 2477 681 2548 tune
726 2482 880 2569 fiat,
933 2479 1066 2549 erit
1109 2483 1298 2551 terre
1345 2485 1581 2551 motus
1621 2479 2031 2552 mortalitas
2076 2480 2311 2564 fames
2346 2476 2595 2552 valida

403 2577 632 2671 prelia
663 2583 732 2648 et
753 2580 1066 2652 carestia
1093 2580 1244 2662 fere
1268 2603 1398 2673 per
1427 2585 1653 2650 totum
1690 2579 1961 2670 orbem,
1998 2585 2068 2652 et
2098 2584 2265 2652 tunc
2300 2577 2595 2674 quidam

405 2678 764 2750 maximus
823 2679 1219 2771 imperator
1263 2681 1628 2752 morietur.
1736 2679 1827 2752 Et
1880 2702 2116 2751 mense
2166 2677 2597 2771 Septembris

400 2782 572 2872 post
603 2776 983 2870 enctypsim
1019 2777 1190 2850 solis
1225 2785 1294 2850 et
1325 2778 1484 2850 lune
1518 2802 1725 2852 mare
1759 2777 1952 2850 ultra
1986 2778 2271 2852 solitum
2308 2783 2597 2871 crescet,

409 2901 500 2948 ac
547 2899 794 2947 omnes
841 2879 994 2964 fere
1044 2879 1228 2949 venti
1271 2878 1567 2970 flabunt,
1618 2881 1723 2950 ita
1778 2877 1973 2972 quod
2018 2876 2215 2952 nulla
2272 2878 2479 2950 navis
2526 2879 2599 2948 in

406 2978 598 3048 mari
632 2976 908 3069 evadet,
961 2977 1262 3050 arbores
1299 2975 1607 3068 evellent,
1662 2976 1937 3065 edificia
1980 2977 2381 3052 subvertent
2416 2977 2602 3052 venti

407 3083 476 3148 et
499 3082 685 3149 terre
713 3084 970 3152 motus.
1030 3077 1226 3151 Unde
1251 3081 1314 3152 si
1343 3077 1549 3150 vultis
1574 3077 1900 3170 evadere,
1938 3079 2008 3148 in
2033 3077 2272 3171 planis
2298 3079 2599 3152 circum-

408 3178 600 3250 datis
645 3179 1002 3250 montibus
1048 3179 1267 3264 facite
1315 3183 1789 3270 cooperturas
1832 3178 2169 3270 trabium,
2224 3184 2295 3254 et
2326 3183 2600 3254 terram

406 3280 879 3372 superponite,
935 3301 1066 3372 que
1100 3280 1242 3352 sint
1270 3278 1482 3372 lonye
1515 3303 1566 3352 a
1599 3279 1863 3373 playiis
1900 3285 1964 3354 et
1998 3280 2358 3354 montanis
2398 3277 2599 3370 locis,

410 3383 478 3450 et
511 3377 630 3448 nbi
663 3401 808 3450 non
844 3380 987 3452 sint
1019 3377 1322 3452 arbores
1353 3401 1581 3471 prope
1616 3379 1867 3474 quibus
1902 3403 1987 3452 os
2018 3401 2325 3456 coverne
2368 3380 2607 3474 possit

411 3477 678 3570 operiri
693 3503 718 3564 ,-
769 3482 840 3548 et
885 3479 960 3548 in
1003 3479 1102 3550 eis
1135 3479 1418 3552 introite
1451 3503 1611 3554 cum
1646 3479 1935 3564 familia
1986 3485 2227 3554 vestra
2276 3485 2349 3556 et
2390 3479 2603 3554 rebus

410 3578 836 3650 necessariis
879 3601 1008 3671 per
1055 3579 1348 3676 triyinta
1387 3578 1538 3653 dies
1574 3584 1642 3652 et
1670 3579 1831 3672 plus
1865 3578 2372 3656 habundanter
2404 3579 2604 3656 vobis

413 3683 480 3748 et
512 3676 782 3762 familie
817 3684 1064 3750 vestre.
1167 3679 1260 3750 Et
1306 3678 1432 3752 hec
1469 3679 1572 3750 ad
1604 3679 2151 3773 redemptionem
2188 3681 2599 3749 animarum

411 3782 811 3848 vestrarum
850 3779 1347 3872 iynorantibus
1383 3779 1813 3853 denuntiate.
1876 3779 1960 3853 In
1995 3778 2127 3852 hiis
2154 3779 2339 3850 enim
2366 3779 2601 3850 nobis-

413 3901 572 3948 cum
611 3879 1003 3950 concordes
1037 3885 1203 3951 sunt
1239 3903 1480 3952 omnes
1519 3879 1871 3973 astroloqi
1901 3885 1974 3952 et
2004 3880 2435 3974 yeomantici
2474 3879 2599 3950 To-

410 3976 527 4048 leti
573 3977 964 4072 Hyspanie,
1023 3979 1376 4074 Ethiopie,
1429 3987 1498 4050 et
1548 3980 1861 4051 aliarum
1905 3981 2445 4074 provinciarum
2498 3978 2602 4050 di-

413 4101 784 4150 versarum
842 4081 1150 4173 yentium
1173 4135 1192 4170 ,
1255 4079 1814 4154 christianorum
1888 4080 2471 4154 Sarracenorum
2536 4085 2607 4152 et

413 4176 902 4271 Hebreornm,
954 4186 1024 4250 et
1077 4201 1321 4253 omnes
1371 4179 1773 4275 philosophi
1824 4179 1957 4254 hoc
2012 4185 2408 4270 affirmant.
2513 4179 2605 4252 Et

413 4275 547 4349 hoc
597 4301 813 4352 unum
869 4283 940 4353 in
989 4282 1286 4354 veritate
1338 4284 1625 4376 scimus,
1678 4280 1873 4378 quod
1906 4305 2031 4356 rex
2068 4281 2606 4358 Mathemelinus
