3050 4900
732 492 1301 572 RYCCARDUS
1355 449 1478 566 on
1532 491 1605 565 s.
1661 490 2141 566 GERMANO.
2392 489 2530 563 157

684 696 1002 770 Quantum
1047 693 1127 755 sit
1169 692 1308 755 vilis
1351 692 1626 755 hominis
1670 691 1958 775 dignitas,

773 778 849 839 Et
892 796 1079 859 quem
1125 776 1364 839 caduca
1409 776 1488 838 sit
1534 778 1665 839 eius
1708 776 1961 851 sanitas,

773 862 976 923 Docet
1017 859 1122 941 qui
1167 859 1335 933 dicit,
1379 860 1503 923 boc
1548 858 1721 921 dedit
1764 858 1938 934 vitas,

773 944 924 1006 Nam
973 942 1180 1005 omnis
1224 943 1420 1004 homo
1466 943 1685 1005 vivens
1730 949 1825 1005 est
1868 943 2123 1009 vanitas·

691 1028 867 1089 Vana
915 1033 1010 1089 est
1052 1026 1224 1089 salus
1269 1033 1332 1086 et
1375 1035 1574 1089 status
1618 1027 1911 1101 hominis,

782 1111 990 1172 Vanus
1036 1117 1129 1171 est
1173 1110 1367 1172 decor
1411 1118 1471 1172 et
1513 1109 2010 1192 pulchritudinis,

778 1194 966 1255 Filius
1012 1194 1176 1253 enim
1223 1201 1320 1255 est
1361 1194 1497 1254 Ade
1541 1194 1817 1269 seminis,

776 1277 897 1351 Qui
943 1296 1262 1357 nunquam
1307 1277 1468 1339 sistit
1511 1277 1749 1339 eisdem
1796 1279 2097 1341 terminis.

697 1361 764 1421 ln
813 1360 914 1422 die
956 1360 1120 1423 lovis
1168 1360 1386 1421 ultimo
1434 1359 1592 1435 Iulii,

781 1445 923 1518 Quo
969 1443 1135 1505 celsa
1180 1443 1312 1522 poli
1359 1442 1490 1505 vise
1535 1443 1732 1504 ambit
1774 1443 2001 1505 Cimbii

779 1528 929 1587 Post
972 1532 1287 1605 sumptum
1337 1525 1655 1587 modicum
1702 1528 1873 1607 quod
1920 1527 2109 1588 edulii

789 1609 923 1668 Hoc
966 1608 1116 1668 mihi
1163 1608 1389 1669 accidit
1429 1608 1779 1674 infortunii.

703 1693 902 1753 Sanus
948 1696 1012 1751 ut
1055 1711 1226 1753 eram
1276 1701 1337 1754 et
1377 1693 1513 1754 sine
1560 1692 1729 1766 vitio,

787 1774 1021 1836 Calami
1069 1793 1296 1837 vacans
1339 1775 1402 1835 in
1451 1775 1769 1851 exercitio,

787 1859 934 1919 Mox
977 1860 1281 1920 alteratur
1322 1878 1472 1920 sana
1520 1860 1819 1935 conditio,

785 1943 862 2002 Et
907 1941 972 2001 fit
1015 1941 1282 2013 infirma,
1329 1942 1502 2024 quod
1549 1944 1632 2006 ita
1676 1944 1899 2008 sentio.

703 2025 896 2104 Rigor
942 2044 1054 2103 per
1101 2026 1380 2085 membra
1424 2044 1494 2085 se
1539 2027 1703 2103 cepit
1744 2025 2030 2097 fundere,

789 2108 909 2180 Qui
957 2127 1056 2168 me
1101 2107 1420 2187 compellit
1463 2107 1720 2169 invitum
1768 2118 2055 2183 tremere,

788 2188 976 2251 Cuius
1022 2197 1087 2251 ut
1132 2210 1383 2271 possem
1429 2190 1549 2251 vim
1596 2192 1652 2251 vi
1700 2191 2011 2271 repellere

791 2272 1035 2355 Corpus
1079 2273 1327 2335 decrevi
1376 2274 1643 2353 pellibus
1690 2282 1921 2351 tegere.

714 2358 839 2418 Sub
888 2365 1250 2437 tegumento
1293 2358 1577 2419 iacebam
1624 2357 1895 2431 abditus,

795 2442 1022 2523 Meque
1065 2442 1320 2503 fovebat
1363 2440 1581 2504 senilis
1625 2442 1845 2518 alitus3

795 2525 897 2586 Sic
937 2526 1382 2587 tremebundus
1427 2532 1490 2586 et
1535 2535 1701 2588 totus
1745 2526 2049 2606 hispidus,

798 2611 969 2670 Duro
1017 2609 1158 2689 plus
1203 2627 1374 2669 eram
1419 2609 1629 2688 lapide
1673 2609 1954 2689 frigidus.

713 2692 1004 2774 Sequitur
1047 2693 1240 2768 calor,
1288 2701 1347 2752 et
1391 2691 1563 2773 rigor
1610 2695 1927 2772 praeterit,

800 2776 1025 2836 Omnia
1073 2774 1240 2836 senis
1286 2794 1431 2836 ossa
1479 2777 1585 2856 qui
1632 2775 1937 2848 conterit;

801 2859 936 2920 Non
983 2868 1188 2920 tamen
1235 2859 1372 2938 ipse
1419 2878 1516 2919 me
1564 2857 1733 2938 prius
1780 2859 2031 2933 deserit,

801 2943 1021 3004 Donec
1064 2943 1364 3004 adversus
1409 2960 1478 3002 se
1521 2941 1719 3002 sudor
1760 2942 2005 3022 ingerit.

717 3026 858 3088 Hoc
902 3044 979 3085 eo
1027 3027 1128 3086 die
1171 3025 1454 3106 sequenti
1501 3025 1794 3100 abstinui,

805 3111 880 3170 Et
925 3110 1064 3170 luce
1105 3111 1290 3170 tertia
1337 3107 1485 3168 mihi
1534 3109 1750 3183 minui,

807 3193 1107 3272 Regulam
1153 3204 1358 3254 tamen
1402 3192 1462 3250 in
1511 3192 1665 3253 cibis
1710 3194 1900 3266 tenui,

806 3274 927 3336 Sed
974 3296 1099 3336 non
1147 3275 1401 3354 peccavi
1449 3275 1616 3336 dieta
1664 3275 1855 3339 tenui.

725 3359 817 3418 Nil
864 3357 1015 3417 mihi
1057 3359 1302 3418 confert
1343 3356 1449 3417 illa
1496 3357 1780 3433 minutio,

809 3441 932 3501 Sed
979 3439 1048 3500 fit
1093 3440 1420 3500 humorum
1470 3441 1673 3501 maior
1718 3441 1973 3514 solutio,

809 3525 883 3584 Et
928 3531 1072 3584 tunc
1119 3543 1246 3584 non
1294 3523 1382 3584 fui
1429 3523 1592 3585 ultra
1634 3522 1699 3583 in
1747 3524 1898 3598 otio,

810 3609 952 3682 Quo
999 3608 1088 3668 sic
1131 3615 1226 3668 est
1268 3606 1431 3668 factu
1476 3607 1794 3687 sanguinis
1840 3609 2057 3669 motio.

729 3691 879 3752 Nam
925 3694 985 3752 in
1034 3711 1134 3750 me
1178 3689 1338 3772 iugis
1385 3690 1562 3752 calor
1606 3693 1925 3766 exuberat,

813 3775 907 3835 Fit
952 3773 1141 3836 febris
1185 3774 1437 3854 duplex,
1485 3793 1650 3856 quae
1695 3774 1963 3852 simplex
2008 3771 2229 3845 fuerat,

813 3857 1104 3919 Miserum
1153 3877 1388 3934 senem,
1439 3864 1503 3918 ut
1548 3857 1745 3938 magis
1793 3865 2076 3918 conterat

811 3940 1130 4022 Quidquid
1178 3942 1500 4020 praecedit
1545 3941 1645 4000 vix
1690 3941 1884 4019 frigus
1931 3941 2176 4002 tolerat.

731 4025 824 4083 Ad
873 4024 1271 4086 dividendam
1320 4024 1522 4086 morbi
1570 4023 1933 4084 discursiam

818 4107 883 4168 ln
933 4110 1102 4169 omni
1151 4127 1332 4168 mane
1376 4128 1623 4169 summo
1670 4105 2048 4169 oxizaccaris
2073 4114 2127 4150 ⁶²

399 4321 501 4403 62)
552 4321 1040 4404 oxysaccharum
1091 4321 1266 4400 potio
1311 4338 1386 4379 ex
1430 4318 1733 4380 saccharo
1782 4327 1841 4379 et
1886 4325 2063 4378 aceto
2112 4319 2481 4398 composita.
