3050 4900
519 465 620 538 20
922 467 1490 543 RYCCARDUS
1546 469 1671 544 DE
1724 469 1796 574 S.
1854 469 2313 545 GERMANO

521 633 766 742 castra
833 693 1006 764 sua‚
1079 657 1519 742 Cervarium
1585 679 1659 741 et
1716 669 2153 766 Toroclum.,
2222 674 2367 743 duo
2424 671 2711 744 scilicet

519 780 766 842 castra
837 773 928 842 ab
1002 769 1539 844 habitatoribus
1613 771 2013 863 derelicta,
2094 774 2553 868 combussit,
2634 783 2708 845 et

298 881 409 936 tan.
439 870 839 969 7.septimo
895 869 1218 944 intrante
1271 870 1588 944 Ianuarii
1628 882 1802 944 ante
1842 871 2201 946 Sanctum
2242 873 2705 946 Germanum

513 971 586 1043 in
627 971 913 1069 campis
955 982 1200 1044 castra
1241 983 1569 1046 metatus
1610 983 1746 1044 est.
1811 974 1899 1046 Et
1936 997 2105 1045 cum
2138 977 2227 1046 ad
2262 974 2705 1072 capiendam

513 1084 795 1145 terram
848 1073 1092 1170 ipsam
1147 1076 1360 1145 daret
1413 1074 1850 1170 frequentes
1908 1074 2267 1170 insultus,
2322 1099 2597 1173 capere
2637 1077 2701 1148 vi

514 1198 682 1246 eam
753 1198 900 1245 non
973 1173 1244 1271 potuit,
1317 1173 1743 1246 hominibus
1810 1173 2125 1247 civitatis
2195 1199 2283 1248 ac
2349 1176 2701 1250 militibus

487 1273 951 1371 Campanie,
1004 1275 1125 1371 qui
1165 1274 1238 1345 i'n
1280 1298 1370 1346 ea
1407 1286 1945 1370 convenerant,
2002 1300 2090 1348 ea
2133 1276 2296 1348 die⁸¹
2345 1276 2703 1350 resisten-

507 1375 705 1448 tibus
743 1373 866 1446 illi.

659 1475 866 1548 Tunc
901 1475 1334 1572 Dyopuldus
1373 1475 1522 1548 iam
1564 1476 1831 1571 dictus,
1882 1475 2009 1573 qui
2056 1479 2145 1549 ad
2183 1476 2431 1574 ipsum
2475 1501 2701 1550 vene-

509 1587 624 1648 rat
659 1576 1194 1670 Marcualdum‚
1248 1587 1585 1649 montem
1630 1579 2005 1674 quendam
2043 1577 2167 1674 qui
2204 1579 2399 1650 Maio
2439 1579 2701 1651 dicitur

509 1701 679 1749 cum
751 1677 908 1750 suis
981 1701 1403 1774 occupans,
1477 1701 1616 1748 sua
1678 1677 1775 1749 ibi
1846 1678 2165 1750 tentoria
2234 1677 2425 1774 fixit3
2501 1682 2695 1777 quod

505 1777 690 1850 tanti
743 1801 974 1849 causa
1026 1777 1314 1850 timoris
1354 1777 1488 1849 fuit
1523 1777 1871 1850 omnibus
1911 1780 2003 1851 de
2039 1789 2239 1851 terra
2278 1779 2470 1877 ipsa,
2524 1804 2695 1852 cum

507 1877 1084 1976 supereminens
1125 1888 1334 1950 esset
1362 1902 1582 1950 mons
1614 1877 1886 1950 civitati
1920 1890 1994 1951 et
2023 1884 2405 1977 posset'de
2436 1905 2695 1978 super-

505 1979 621 2052 nis
659 1978 1036 2052 montibus
1075 1981 1165 2050 ab
1207 1979 1543 2053 hostibus
1580 1978 1799 2052 facile
1838 1979 2215 2078 occupari,
2260 1985 2452 2078 quod
2490 1981 2690 2054 idem

501 2083 734 2154 abbas
765 2090 984 2151 nocte
1017 2083 1537 2152 conscendens
1568 2079 1967 2153 occasione
1996 2082 2378 2154 muniendi
2410 2082 2687 2154 vallum

503 2180 964 2275 monasterii,
995 2180 1328 2252 nonnulli
1367 2185 1458 2253 de
1497 2181 1793 2254 civitate
1828 2206 1995 2253 curn
2030 2183 2523 2280 suppellectili
2552 2207 2688 2256 sua

503 2306 588 2354 se
641 2285 730 2355 ad
786 2282 1066 2353 vallum
1119 2282 1564 2354 contulerint
1604 2294 2133 2374 memoratum,
2188 2285 2687 2357 cardinalibus

503 2382 687 2481 ipsis
747 2406 969 2455 mane
1021 2383 1366 2479 sequenti
1423 2407 1507 2455 se
1547 2383 2075 2480 recipientibus
2115 2381 2187 2454 in
2228 2383 2391 2481 ipso
2433 2409 2689 2457 mona-

285 2499 398 2554 lan.
423 2499 482 2555 8.
501 2484 730 2557 sterio
771 2508 1001 2555 causa
1042 2494 1329 2573 metus;
1385 2482 1643 2577 sicque
1684 2484 1799 2553 die
1839 2482 2043 2580 ipso,
2096 2494 2362 2555 octavo
2403 2486 2689 2558 scilicet

501 2584 844 2677 Ianuarii,
899 2583 1236 2655 relictam
1303 2586 1392 2654 ab
1456 2582 1719 2655 incolis
1776 2582 2151 2655 civitatem
2211 2585 2683 2657 Marcualdus

497 2685 822 2779 intravit,
859 2684 1072 2757 bonis
1104 2683 1421 2781 propriis
1455 2684 1828 2781 spoliavit,
1858 2695 1931 2756 et
1960 2709 2146 2783 quos
2176 2684 2249 2755 in
2282 2708 2369 2757 ea
2402 2686 2687 2757 invenit

497 2785 712 2884 penis
777 2784 1054 2859 addixit
1112 2784 1489 2882 variisque
1553 2785 1988 2879 tormentis7
2052 2786 2317 2881 quibus
2383 2787 2681 2883 pietatis

497 2911 727 2959 causa
767 2912 913 2959 non
955 2886 1267 2985 profuit,
1333 2886 1474 2960 nisi
1515 2885 1774 2959 redimi
1818 2887 2260 2983 profuisset3
2332 2911 2471 2960 nec
2512 2912 2683 2959 con-

494 2998 748 3060 tentus
807 3012 896 3060 eo
953 2990 1147 3084 quod
1203 2997 1480 3058 terram
1529 2997 2031 3085 occupaverat
2069 2988 2535 3083 monasterii,
2588 2992 2679 3061 ad

495 3088 988 3161 obsidendum
1052 3088 1229 3158 illud
1296 3088 1915 3184 et'capiendum,
1980 3111 2150 3160 cum
2212 3088 2285 3159 in
2354 3114 2441 3161 eo
2509 3114 2678 3162 cum

495 3188 746 3260 multis
779 3187 1188 3285 Campanie
1229 3188 1581 3261 militibus
1616 3198 1689 3259 et
1716 3197 1943 3283 gente
1976 3188 2293 3261 civitatis
2334 3215 2480 3261 non
2524 3216 2679 3262 mo-

493 3290 653 3361 dica
711 3314 794 3361 se
851 3288 1354 3361 concluserint
1417 3290 1878 3383 cardinales7
1950 3294 2361 3362 ascendere
2426 3292 2677 3363 voluit.

493 3391 636 3477 Qui
693 3414 862 3461 cum
922 3414 1058 3487 per
1113 3388 1272 3461 dies
1329 3389 1634 3486 aliquot,
1690 3388 1929 3486 posita
1983 3390 2053 3461 in
2106 3391 2446 3465 viridario
2486 3394 2678 3466 obsi-

490 3491 736 3585 dione,
773 3492 1019 3588 ipsum
1051 3490 1595 3562 monasterium
1623 3500 1917 3562 teneret
1948 3495 2377 3588 obsessum,
2416 3504 2491 3565 et
2527 3494 2677 3565 val-

488 3593 641 3664 lum
706 3592 953 3689 ipsum
1017 3615 1154 3688 per
1213 3591 1648 3687 frequentes
1712 3591 2034 3664 insultus
2102 3594 2475 3666 hostiliter
2542 3594 2675 3665 im·

492 3703 900 3791 pugnaret
957 3715 1229 3789 capere
1285 3716 1420 3787 per
1469 3692 1618 3763 vim
1676 3691 1849 3763 illud
1904 3717 2050 3764 non
2105 3694 2385 3807 potuit
2456 3694 2673 3766 Cam-

494 3794 706 3891 panis
765 3805 839 3865 et
892 3792 1053 3864 aliis
1108 3790 1228 3887 qui
1291 3803 1505 3863 erant
1554 3792 1627 3864 in
1670 3794 1863 3863 vallo
1904 3794 2279 3866 constituti
2324 3794 2672 3867 militibus

489 3894 1011 3966 resistentibus
1050 3893 1172 3964 illi.
1271 3892 1620 3992 Cumque
1654 3892 1945 3966 firmata
1998 3896 2383 3967 obsidione
2422 3899 2513 3968 ad
2556 3920 2673 3967 ca·
2752 3964 2757 3971 ,

489 3996 843 4092 piendum
907 3995 1448 4067 monasterium
1505 3994 2000 4068 vehementer
2062 3997 2414 4091 instaret,
2478 4000 2671 4094 quod

489 4120 657 4166 cum
697 4120 830 4191 per
868 4097 1013 4167 vim
1055 4121 1200 4165 non
1245 4108 1528 4194 posset
1570 4099 1922 4170 credebat
1960 4098 2157 4169 fame
2197 4097 2413 4170 sitive
2453 4099 2671 4170 facile

354 4214 464 4267 lan
487 4221 896 4293 occupare
960 4197 1032 4267 in
1099 4196 1214 4269 die
1277 4198 1470 4269 festo
1540 4197 1733 4269 beati
1790 4198 2025 4269 Mauri
2090 4208 2369 4269 mutata
2429 4200 2670 4271 subito

364 4288 446 4340 15.

487 4323 533 4387 a)
575 4340 621 4373 e.
666 4324 714 4374 d.
755 4326 807 4375 in
844 4326 1098 4390 mar·yz‘.ne
