3050 4900
1179 421 1258 491 A.
1323 423 1535 496 1234.
1598 422 1807 497 1235.
2444 426 2581 497 127

541 618 805 693 Mense
865 620 1242 694 Februarii
1305 620 1825 717 inquisitiones
1889 619 2071 693 fiunt
2138 644 2274 717 per
2342 632 2581 695 totum

395 744 714 817 regnum
752 725 847 795 de
882 721 1310 794 hominibus
1347 720 1700 816 demanii,
1740 722 2039 819 quosin
2067 720 2253 793 locis
2284 723 2581 795 statutis

393 823 751 894 transfert
783 822 1196 919 imperator
1229 846 1402 895 cum
1438 821 1741 894 familiis
1782 820 1975 915 suis,
2031 832 2337 919 propter
2386 827 2581 920 quod

391 924 486 994 de
525 922 802 995 Sancto
833 922 1212 995 Germano
1250 932 1326 995 et
1363 925 1454 998 de
1492 932 1647 995 tota
1682 932 1882 995 terra
1920 922 2361 995 monasterii
2398 947 2579 994 non-

393 1022 571 1093 nulli
637 1022 760 1119 qui
821 1023 1106 1095 inventi
1163 1032 1339 1095 sunt
1395 1024 1486 1095 de
1544 1022 1893 1095 demanio
1956 1021 2332 1121 extitisse,
2400 1034 2580 1147 aput

393 1122 728 1195 Cumas
709 1146 818 1195 ire
857 1146 1028 1195 cum
1068 1122 1226 1197 suis
1263 1121 1565 1195 familiis
1604 1122 2173 1235 compelluntur.

540 1224 806 1295 Mense
857 1224 1098 1296 Martii
1155 1222 1428 1336 captivi
1483 1226 1591 1297 de
1630 1224 1897 1321 Apulia
1954 1222 2077 1319 qui
2130 1227 2580 1296 tenebantur

393 1331 575 1421 aput
602 1324 1040 1421 Canusium,
1080 1348 1216 1422 per
1249 1322 1755 1396 interventum
1787 1323 2106 1421 pecunie
2142 1322 2577 1418 liberantur,

381 1433 471 1494 -et
507 1447 600 1495 ex
637 1424 746 1496 eis
787 1424 1086 1521 quidam
1126 1424 1350 1520 digna
1390 1434 1567 1495 sunt
1604 1448 1798 1521 pena
1837 1422 2194 1496 mulctati.

401 1565 404 1571 ·
536 1524 800 1595 Mense
834 1523 1108 1621 Aprilis
1163 1524 1574 1620 imperator
1624 1534 1803 1620 aput
1851 1523 2239 1597 Precinam
2287 1524 2575 1619 pascha
2594 1532 2792 1603 Apus.

386 1622 683 1695 Domini
725 1624 1078 1719 celebrat,
1123 1634 1196 1695 et
1234 1634 1790 1721 consequenter
1826 1634 1998 1721 post
2033 1624 2395 1722 pascham
2434 1623 2579 1697 iter

387 1722 720 1821 arripuit,
770 1724 844 1795 in
885 1723 1407 1796 Alamanniam
1443 1726 1947 1821 profecturus,
1985 1727 2269 1797 ducens
2308 1748 2571 1797 secum

384 1824 812 1897 Conradum
841 1822 1072 1897 filium
1105 1849 1348 1897 suum.
1413 1826 1659 1912 Quem
1692 1824 2056 1922 magister
2083 1828 2352 1897 domus
2382 1826 2569 1898 Teu·

300 1930 303 1934 ’
387 1924 806 1997 tunicorum
859 1924 1026 2023 ipso
1077 1928 1484 1997 mandante
1539 1926 1911 2022 precessit
1965 1928 2053 1999 ad
2104 1942 2391 2023 papam
2403 1981 2423 2021 ,
2496 1936 2573 1998 et

383 2025 714 2097 Thomas
745 2027 837 2097 de
865 2024 1156 2122 Aquino
1184 2027 1637 2097 Acerrarum
1677 2049 1935 2097 comes
1973 2026 2341 2121 magister
2366 2026 2571 2098 iusti-

381 2124 670 2218 tiarius,
711 2135 787 2195 et
820 2123 1190 2197 iustitiarii
1228 2124 1350 2196 alii
1387 2127 1478 2197 de
1517 2148 1781 2221 regnO,
1838 2148 2131 2197 necnon
2172 2135 2245 2197 et
2283 2127 2568 2223 Capua-

383 2249 524 2297 nus
563 2223 1018 2297 Ydrontinus
1059 2235 1135 2297 et
1167 2224 1741 2297 Panormitanus
1780 2224 2353 2337 archiepiscopi,
2394 2250 2567 2298 cum

382 2324 760 2397 nonnullis
799 2328 891 2398 de
929 2349 1166 2421 regno
1209 2350 1446 2423 usque
1489 2326 1771 2399 Fanum
1814 2326 2052 2399 secuti
2103 2335 2301 2421 sunt,
2358 2336 2432 2399 et
2474 2329 2563 2400 de
2584 2336 2718 2408 Apr.

377 2425 854 2524 imperatoris
890 2425 1190 2500 licentia
1229 2435 1404 2500 sunt
1438 2426 1514 2498 in
1552 2451 1869 2523 regnum
1911 2427 2219 2500 reversi.
2612 2410 2703 2464 ²⁵·

527 2527 852 2600 Turres
831 2553 908 2599 m
931 2527 1194 2600 Gaieta
1225 2526 1563 2626 exceptis
1594 2539 1911 2624 quatuor
1936 2528 2329 2601 diruuntur
2354 2551 2564 2600 man-

379 2627 548 2698 dato
585 2627 1084 2725 imperatoris.
1147 2629 1396 2700 Rocca
1430 2629 1689 2701 Ianule
1728 2652 1959 2727 super
1990 2629 2351 2702 Sanctum
2383 2627 2563 2701 Ger-

375 2751 686 2799 manum
716 2725 1072 2800 firmatur.
1135 2728 1568 2825 Stephanus
1600 2732 1690 2800 de
1717 2730 2063 2826 Anglone
2093 2729 2289 2801 cedit
2314 2727 2561 2800 officio

373 2826 930 2923 iustitiariatuS,
1001 2837 1078 2900 et
1126 2828 1567 2901 Guilielmus
1622 2831 1714 2900 de
1764 2829 2040 2901 Sancto
2088 2830 2558 2922 Fraymundo

375 2928 712 3002 succedit
747 2928 1014 3006 eidem.
1118 2929 1541 3027 Imperator
1594 2953 1761 3001 cum
1819 2930 2160 3004 Conrado
2212 2928 2361 3001 filio
2418 2952 2557 3000 suo

375 3039 452 3101 et
487 3032 578 3101 de
616 3053 852 3126 regno
893 3030 1298 3104 admodum
1338 3029 1599 3128 paucis
1628 3053 1897 3101 mense
1926 3028 2147 3102 Madii
2177 3031 2371 3126 apud
2400 3027 2557 3100 Ari-

371 3130 658 3202 minum
699 3154 910 3203 mare
945 3129 1196 3228 intrat
1249 3141 1326 3203 et
1371 3131 1444 3202 in
1481 3129 1955 3228 Aquilegiam
2008 3129 2235 3225 vadit,
2289 3129 2556 3202 exinde

369 3229 444 3300 in
498 3231 1020 3303 Alamanniam
1084 3232 1581 3329 profecturus,
1675 3229 1828 3302 Pax
1886 3229 2083 3303 inter
2143 3254 2421 3328 papam
2483 3239 2561 3302 et

371 3330 756 3402 Romanos
807 3331 1214 3402 reformata
1267 3339 1424 3425 est·
1497 3330 1771 3428 captivi
1822 3330 2142 3403 Romani
2196 3330 2321 3428 qui
2376 3341 2558 3428 aput

369 3429 778 3503 Viterbium
829 3434 1312 3527 tenebantur,
1365 3455 1504 3528 per
1554 3455 1831 3529 papam
1880 3431 2170 3504 liberati
2226 3442 2425 3528 sunt,
2482 3441 2556 3504 et

371 3529 496 3628 qui
541 3533 992 3603 tenebantur
1040 3555 1084 3602 a
1132 3530 1520 3628 Romanis,
1572 3531 1785 3605 liberi
1824 3531 2311 3606 dimittuntur.
2412 3531 2555 3604 Ro-

367 3635 623 3704 bertus
662 3634 755 3704 de
791 3631 1035 3704 Busso
1075 3656 1118 3704 a
1154 3631 1629 3704 iustitiariatu
1667 3632 1954 3730 Aprutii
2004 3641 2423 3726 amovetur,
2479 3641 2555 3702 et

365 3733 646 3804 Hector
699 3732 1257 3806 comestabulus
1305 3732 1581 3806 Montis
1616 3732 1913 3806 Fusculi
1954 3731 2397 3806 substitutus
2437 3741 2555 3803 est

363 3831 488 3904 illi.

515 3933 780 4006 Mense
844 3932 1032 4006 Iunii
1094 3932 1667 4006 Panormitanus
1732 3943 1807 4006 et
1855 3932 2257 4029 Capuanus
2313 3930 2544 4003 archi-

368 4033 730 4132 episcopi,
784 4034 1114 4106 Thomas
1168 4037 1260 4106 de
1307 4033 1600 4131 Aquino
1649 4036 2098 4107 Acerrarum
2151 4056 2409 4105 comes
2477 4043 2543 4103 et

368 4134 735 4207 Henricus
808 4134 900 4209 de
967 4135 1209 4206 Morro
1273 4134 1641 4231 magister
1690 4135 2169 4231 iustitiarius,
2240 4132 2363 4231 qui
2410 4155 2547 4230 pro

364 4233 820 4332 imperatore
858 4235 930 4308 in
971 4260 1206 4332 regno
1245 4247 1798 4332 remanserant,
1853 4260 1937 4309 se
1990 4237 2323 4334 Capuam
2354 4241 2547 4306 'con-
