3050 4900
1259 474 1340 546 A.
1403 474 1617 547 1233.
2396 476 2528 548 121

351 674 636 749 tionem
685 695 907 770 pape,
961 682 1269 770 propter
1286 676 1500 786 ‘quod
1542 694 1803 744 eorum
1841 672 2103 745 civitas
2143 676 2281 747 sub
2316 672 2542 746 inter-

351 775 548 849 dicto
585 773 829 870 posita
871 784 1012 871 est,
1052 786 1125 847 et
1159 773 1304 872 ipsi
1341 772 2137 907 excommunicationis
2178 784 2353 846 sunt
2387 773 2542 847 vin·

353 876 521 949 culo
561 873 915 945 innodati.

503 976 770 1047 Mense
806 972 991 1046 lunii
1027 974 1120 1047 de
1159 976 1479 1071 quodam
1521 983 1783 1046 sancto
1822 973 2127 1070 Virgilio
2181 973 2541 1047 miracula

353 1076 594 1147 multa
643 1075 720 1147 in
772 1074 1070 1171 scriptis
1126 1078 1426 1147 redacta
1479 1076 1573 1147 de
1610 1074 2055 1147 Alamannia
2094 1075 2332 1149 missa
2371 1086 2545 1188 sunt

351 1179 450 1248 ad
489 1178 848 1249 domnum
886 1198 1184 1273 papam.

505 1278 790 1349 Eodem
855 1299 1124 1349 mense
1186 1276 1484 1373 quidam
1534 1275 1791 1347 frater
1852 1274 1897 1345 Ι.
1962 1274 2087 1347 vili
2152 1286 2543 1348 contectus

355 1376 718 1474 tegmine,
773 1387 1160 1475 tamquam
1217 1380 1310 1450 de
1353 1375 1611 1448 ordine
1649 1376 1965 1447 fratrum
2002 1376 2399 1472 Minorum,
2452 1379 2543 1449 ad

351 1477 716 1551 Sanctum
785 1478 1252 1549 Germanum
1318 1477 1635 1549 veniens
1700 1498 1871 1547 cum
1932 1500 2161 1548 cornu
2219 1479 2544 1575 quodam

355 1582 823 1651 convocabat
873 1577 1276 1675 populum,
1343 1587 1421 1648 et
1481 1576 1631 1648 alta
1685 1599 1871 1648 voce
1927 1582 2273 1651 cantabat
2325 1577 2543 1649 tertio

356 1677 698 1772 Alleluia,
771 1687 847 1749 et
907 1701 1175 1749 omnes
1240 1679 1796 1775 respondebant
1842 1675 2141 1749 Alleluia
2160 1706 2187 1770 ,-
2254 1688 2331 1750 et
2380 1678 2545 1775 ipse

357 1788 914 1875 consequenter
961 1777 1287 1853 dicebat:
1360 1777 1747 1850 Benedicta
1808 1777 2114 1849 {caudata
2168 1785 2233 1851 et
2281 1778 2544 1875 910νὶίὶ-

355 1886 526 1951 catu
562 1880 635 1951 lu
659 1879 878 1951 Patre
889 1906 918 1970 ,-
955 1879 1320 1951 benedictn
1353 1878 1659 1951 laudata
1698 1884 1763 1949 el
1794 1877 2199 1972 ylerificatu
2226 1880 2299 1951 lu
2324 1878 2545 1971 Fata,-

355 1978 722 2051 benedictu
756 1979 1062 2051 laudata
1099 1986 1163 2050 el
1193 1979 1601 2074 ylorificatu
1637 1978 1709 2050 lu
1746 1978 2015 2071 Spiritu
2048 1986 2329 2072 sanctu,
2369 1978 2546 2051 Alle-

355 2079 530 2151 luia.
634 2080 966 2151 Gloriosa
1019 2078 1330 2169 Bonna,-
1382 2078 1524 2149 hoc
1572 2078 1773 2149 idem
1825 2077 1971 2148 alta
2013 2102 2198 2151 voce
2236 2104 2547 2176 respon·

355 2178 702 2261 dentibus
741 2176 1022 2276 pueris,
1077 2177 1202 2274 qui
1240 2187 1454 2249 erant
1489 2187 1913 2276 presentes.

506 2279 925 2377 imperator
961 2288 1294 2352 castrum
1333 2282 1707 2375 quoddam
1744 2276 1817 2349 in
1848 2278 2097 2351 Sicilia
2131 2282 2325 2376 quod
2357 2280 2544 2353 Cen-

356 2380 683 2454 turbium
736 2380 1022 2475 dicitur,
1079 2380 1216 2454 sibi
1254 2380 1533 2454 rebelle
1570 2378 1640 2452 vi
1682 2378 1879 2477 cepit
1918 2388 1991 2449 et
2027 2379 2417 2478 destruxit,
2473 2391 2545 2453 et

358 2481 642 2554 incolas
683 2484 772 2555 ad
809 2482 978 2553 loca
1017 2481 1377 2579 compulit
1413 2481 1555 2553 alia
1596 2480 2041 2577 demigrare.

507 2583 770 2656 Mense
798 2581 956 2655 Iulii
985 2582 1382 2655 Bertoldus
1420 2582 1900 2654 Introducum
1940 2581 2303 2678 magistro
2342 2581 2544 2654 iusti·

357 2683 572 2755 tiario
628 2682 1074 2778 resignavit,
1141 2692 1216 2754 et
1278 2682 1442 2780 ipse
1496 2707 1669 2754 cum
1694 2686 1913 2754 educe
1960 2683 2189 2754 fratre
2242 2706 2377 2754 suo
2431 2707 2547 2755 as-

357 2793 756 2856 securatus
793 2782 970 2855 abiit
1007 2793 1210 2854 extra
1251 2807 1599 2879 regnum,
1654 2807 1799 2878 quo
1836 2782 2086 2853 voluit.

511 2883 790 2960 Civitas
845 2883 1108 2956 Gaiete
1159 2885 1245 2955 ad
1305 2885 1742 2956 mandatum
1798 2881 1991 2954 redit
2042 2881 2547 2979 imperatoris,

359 2994 435 3056 et
473 2985 974 3058 iuramentum
1013 2983 1392 3058 fidelitatis
1427 2982 1567 3057 sibi
1603 2992 1891 3082 prestat
1922 2992 1997 3054 et
2024 2984 2366 3057 Conrado
2396 2981 2545 3054 filio

359 3085 546 3158 eius.
623 3087 732 3158 Ad
772 3109 995 3182 quam
1033 3085 1312 3158 Hector
1347 3087 1438 3157 de
1477 3085 1729 3168 Monte
1754 3085 1809 3156 F
1814 3084 2069 3156 uscolo
2107 3083 2545 3156 iustitiarius

359 3197 558 3258 terre
606 3186 918 3258 Laboris
965 3189 1340 3260 accedens
1394 3185 1603 3258 iussu
1655 3184 2167 3282 imperatoris,
2222 3189 2545 3258 doanam

357 3286 675 3359 instituit
712 3287 787 3358 in
826 3311 946 3380 ea,
999 3297 1074 3358 et
1109 3287 1505 3358 consulatu
1545 3284 1861 3384 privavit
1897 3288 2239 3358 eandem.

513 3388 928 3501 Imperator
955 3389 1046 3459 de
1077 3386 1325 3459 Sicilia
1367 3411 1545 3458 suas
1585 3390 1673 3458 ad
1716 3390 2037 3458 eundem
2072 3387 2545 3458 iustitiarium
2668 3393 2675 3397 ’

361 3497 440 3560 et
488 3486 676 3559 alios
729 3473 1160 3560 sustitiarios
1215 3486 1430 3584 regni
1484 3487 1775 3559 litteras
1830 3485 2074 3583 dirigit
2124 3511 2355 3583 super
2390 3511 2543 3558 mo·

358 3587 604 3661 lestiis
655 3593 731 3658 et
779 3586 1064 3660 iniuriis
1121 3588 1605 3684 prelatorum,
1661 3599 1741 3660 ut
1788 3587 1929 3686 ipsi
1980 3597 2261 3660 statuto
2315 3586 2433 3660 die
2475 3597 2551 3658 et

361 3691 525 3762 loco
575 3689 912 3786 prelatos
967 3691 1059 3762 ad
1115 3713 1202 3762 se
1253 3698 1671 3762 convocent
1735 3688 2173 3784 regionum,
2244 3687 2553 3759 audiant

363 3813 624 3862 eorum
667 3790 1066 3882 clamores,
1105 3800 1180 3861 et
1215 3815 1360 3888 que
1397 3789 1597 3862 iuste
1628 3799 1981 3886 poterunt
2008 3787 2387 3902 expedire,
2426 3811 2549 3860 ex-

359 3891 690 3989 pediant,
744 3890 1026 3986 reliqua
1081 3913 1258 3962 vero
1315 3914 1449 3988 per
1499 3913 1680 3962 suos
1736 3888 2039 3960 nuntios
2090 3888 2227 3962 sibi
2268 3886 2549 4001 sig-nifi-

363 4002 538 4064 cent
550 3990 870 4064 fideliter
899 4001 974 4064 et
991 3990 1364 4087 distincte,
1394 4001 1472 4063 ut
1491 3990 1623 4063 de
1605 4014 1939 4089 ipsorum
1962 3988 2545 4062 correctionibus

362 4093 672 4190 provide
727 4092 890 4190 ipse
945 4092 1312 4205 disponat.
1407 4092 1593 4164 Item
1660 4091 1845 4163 alias
1902 4093 1992 4163 ad
2051 4092 2547 4165 casertanum

363 4194 804 4292 episcopum
858 4192 1148 4266 litteras
1207 4192 1428 4266 mittit
1481 4216 1617 4291 pro
1667 4191 2145 4289 inquisitione
2209 4191 2550 4264 facienda

359 4293 695 4368 heretice
745 4293 1163 4392 pravitatis,
1217 4304 1299 4366 ut
1348 4304 1502 4366 tam
1559 4303 1964 4391 paterenos
1996 4317 2245 4466 9quam
2286 4316 2545 4366 eorum
