3050 4900
1123 506 1202 575 A.
1265 506 1480 577 1233..
1545 505 1753 578 1234.
2386 506 2527 577 123

346 704 816 779 matrimonia
875 728 1045 777 cum
1101 703 1376 777 exteris
1435 714 1509 775 et
1562 702 2013 800 adventitiis,
2069 702 2195 799 qui
2228 704 2349 777 vel
2390 728 2533 800 que

345 829 494 878 non
555 806 706 879 sint
753 808 844 877 de
898 828 1171 901 regno,
1237 809 1522 901 absque
1572 804 1810 901 ipsius
1864 803 2172 901 speciali
2227 804 2537 899 requisi-

343 906 546 979 tione
602 909 953 979 mandato
1013 930 1150 978 seu
1207 929 1589 977 consensu
1642 905 1845 977 curie
1886 929 2023 976 sue
2062 905 2536 998 contrahere,

348 1006 696 1079 videlicet
753 1017 830 1079 ut
883 1029 1024 1077 nec
1076 1006 1322 1103 alique
1362 1009 1454 1078 de
1494 1029 1729 1101 regno
1770 1009 2053 1078 nubere
2093 1004 2536 1101 alienigenis

346 1110 707 1203 audeant,
777 1130 918 1180 nec
970 1107 1194 1204 aliqui
1243 1105 1839 1203 alienigenarum
1893 1105 2085 1178 filias
2138 1108 2411 1179 ducere
2462 1108 2537 1178 in

345 1232 649 1304 uxores,
705 1230 902 1306 pena
939 1208 1284 1305 apposita
1323 1208 1659 1279 omnium
1698 1230 1951 1279 rerum
1990 1230 2321 1279 suarum.

1309 1358 1583 1447 1234?

496 1498 758 1569 Mense
810 1494 1130 1568 Ianuarii
1183 1497 1378 1592 apud
1424 1496 1861 1567 Messanam
1915 1495 2079 1592 ipse
2132 1493 2541 1591 imperator

345 1620 628 1693 regens
686 1596 966 1668 curiam
1015 1596 1482 1691 generalem,
1541 1596 1799 1667 statuit
1850 1594 1920 1665 in
1975 1606 2267 1692 septem
2324 1594 2537 1689 regni

349 1696 684 1795 partibus
716 1720 852 1794 per
880 1720 1158 1767 annum
1191 1696 1594 1792 generales
1626 1696 1995 1767 nundinas
2020 1698 2537 1788 celebrandaS,

349 1800 718 1869 mandans
779 1808 855 1869 ut
917 1797 992 1868 in
1052 1797 1366 1893 singulis
1421 1795 1821 1893 provinciis
1872 1796 1946 1867 in
1999 1797 2263 1893 quibus
2324 1806 2541 1867 erunt

348 1898 676 1971 nundine
745 1898 1184 1992 constitute,
1265 1897 1617 1993 quamdiu
1688 1898 2016 1969 nundine
2090 1898 2255 1995 ipse
2326 1899 2540 1983 dura-

349 2000 632 2092 verint,
685 2000 934 2071 nullus
986 2009 1362 2069 mercator
1413 1998 1535 2069 vel
1590 1997 2099 2070 ministerialis
2158 1996 2326 2069 alibi
2364 2020 2535 2069 cum

350 2098 724 2171 mercibus
770 2109 844 2170 et
891 2103 1116 2171 rebus
1167 2097 1557 2170 venalibus
1596 2121 1821 2193 quam
1860 2097 1934 2169 in
1972 2098 2137 2168 loco
2174 2096 2535 2167 nundina-

349 2223 514 2271 rum
553 2198 868 2271 inveniri
909 2209 1316 2294 presumat.
1417 2197 1665 2269 Prime
1721 2198 2049 2270 nundine
2104 2206 2323 2267 erunt
2358 2207 2539 2293 aput

347 2300 821 2395 Sulmonem,
861 2309 936 2369 et
973 2301 1339 2371 durabunt
1375 2322 1416 2369 a
1457 2298 1653 2370 festo
1685 2298 1925 2371 sancti
1955 2297 2255 2393 Georgii
2298 2320 2538 2394 usque

351 2403 440 2474 ad
501 2400 776 2473 festum
835 2398 1286 2472 inventionis
1344 2399 1804 2496 archangeli.
1908 2398 2255 2473 Secunde
2319 2408 2539 2471 erunt

351 2504 633 2600 Capue,
690 2511 764 2572 et
811 2504 1180 2574 durabunt
1235 2525 1276 2572 a
1328 2502 1445 2574 22.
1483 2499 1705 2573 Madii
1755 2525 1995 2598 usque
2049 2504 2138 2575 ad
2192 2510 2537 2572 octavam

351 2602 558 2674 lunii.
615 2601 862 2674 Tertie
902 2612 1117 2674 erunt
1153 2600 1472 2696 Lucerii,
1511 2613 1584 2673 et
1620 2603 1991 2673 durabunt
2024 2627 2067 2674 a
2107 2603 2300 2674 festo
2342 2599 2537 2674 beati

349 2701 702 2775 Iohannis
741 2701 1063 2798 baptiste
1102 2725 1342 2798 usque
1380 2705 1469 2773 ad
1511 2713 1677 2773 octo
1718 2703 1897 2774 dies.
1988 2702 2267 2788 Quarte
2320 2711 2539 2772 erunt

351 2813 530 2900 aput
579 2802 884 2895 Barum,
950 2812 1027 2872 et
1073 2805 1443 2874 durabunt
1491 2827 1527 2873 a
1583 2803 1777 2873 festo
1816 2802 2260 2897 Magdalene
2302 2824 2535 2896 usque

349 2907 442 2976 ad
480 2904 756 2976 festum
797 2901 1038 2974 sancti
1063 2902 1464 2974 Laurentii.
1529 2901 1803 2988 Quinte
1842 2913 2062 2975 erunt
2097 2901 2425 2995 Tarenti,
2466 2912 2541 2974 et

352 3007 720 3078 durabunt
757 3028 799 3074 a
830 3003 1026 3076 festo
1058 3002 1296 3074 sancti
1327 3002 1833 3074 Bartholomei
1865 3026 2101 3098 usque
2138 3005 2227 3075 ad
2259 3002 2537 3074 festum

351 3104 760 3177 nativitatis
798 3109 1014 3177 beate
1053 3102 1396 3200 Virginis.
1501 3103 1732 3176 Sexte
1771 3115 1989 3175 erunt
2026 3103 2409 3197 Cusentie,
2466 3111 2543 3174 et

301 3211 310 3218 ’
353 3207 722 3278 durabunt
757 3231 800 3276 a
836 3206 1032 3278 festo
1071 3203 1266 3277 beati
1291 3204 1601 3276 Matthei
1642 3228 1881 3302 usque
1911 3206 2001 3276 ad
2033 3204 2311 3276 festum
2343 3203 2540 3275 beati

353 3305 758 3398 Dyonisiib.
829 3305 1166 3401 Septime
1207 3315 1424 3376 erunt
1459 3303 1701 3401 Regii,
1748 3316 1820 3376 et
1859 3307 2226 3377 durabunt
2263 3329 2304 3375 a
2342 3305 2539 3376 festo

353 3404 594 3478 sancti
630 3405 828 3476 Luce
869 3428 1104 3499 usque
1141 3406 1234 3476 ad
1274 3404 1549 3476 festum
1590 3403 1925 3478 omnium
1978 3417 2411 3478 sanctorum
2466 3405 2539 3475 in

349 3505 706 3577 Kalendis
737 3503 1302 3578 Novembribus.
1363 3505 1637 3577 Statuit
1666 3506 1889 3577 etiam
1931 3507 2093 3604 ipse
2130 3507 2543 3604 imperator

351 3615 532 3704 aput
560 3606 1020 3701 Messanam,
1059 3604 1168 3677 bis
1202 3603 1276 3675 in
1308 3629 1502 3677 anno
1534 3606 1607 3676 in
1641 3605 1861 3678 certis
1895 3607 2105 3702 regni
2136 3605 2537 3703 provinciis

351 3705 755 3803 generales
795 3705 1039 3778 curias
1081 3706 1597 3800 celebrandaS,
1650 3705 1723 3777 in
1781 3707 2045 3803 quibus
2098 3705 2349 3778 licebit
2385 3705 2539 3801 qui-

350 3806 672 3881 buslibet
711 3816 968 3878 contra
1004 3806 1446 3902 magistrum
1487 3806 1960 3878 iustitiarium
1998 3805 2433 3878 iustitiarios
2466 3816 2543 3878 et

351 3929 906 4006 quamcumque
969 3907 1194 3977 aliam
1255 3931 1660 4004 personam
1722 3931 1936 3978 suam
1993 3907 2537 4004 querimoniam

349 4009 784 4105 instituere,
848 4018 928 4078 ut
981 4029 1248 4078 omnes
1309 4031 1522 4080 suam
1583 4007 1941 4080 iustitiam
1996 4018 2607 4106 assequantu1·3„

354 4121 428 4182 et
477 4109 568 4182 ibi
625 4109 761 4182 erit
815 4133 948 4206 pro
1002 4117 1216 4204 parte
1271 4108 1748 4206 imperatoris
1805 4108 2106 4181 nuntius
2160 4107 2539 4205 specialiS,

269 4235 274 4238 ·
355 4210 478 4307 qui
544 4211 876 4282 omnium
949 4207 1296 4306 querelas
1367 4209 1440 4281 in
1507 4209 1808 4306 scriptis
1861 4210 2190 4307 rediget,
2267 4221 2341 4282 et
2404 4235 2535 4288 eas
2594 4238 2599 4242 ·

351 4347 398 4416 a)
441 4345 579 4400 Mur.
623 4345 782 4400 1233.
933 4345 984 4416 b)
1025 4343 1212 4415 Dyons
1253 4363 1296 4400 c.
1935 4418 2030 4491 9.
