3050 4900
527 434 626 505 90
934 428 1504 545 RchARDUs
1550 428 1675 503 DE
1729 430 1801 503 s,
1860 428 2321 503 GERMANO

1503 626 1752 717 1230.

676 766 936 836 Mense
994 763 1311 835 Ianuarii
1363 762 1775 861 imperator
1825 786 1963 861 per
2000 765 2375 863 quendam
2417 764 2725 837 fratrem

525 866 968 939 Senbottum
1000 866 1091 936 de
1122 865 1344 936 domo
1375 864 1957 936 Teutonicorum
2000 867 2308 937 mandat
2342 863 2539 937 dicto
2577 865 2721 937 fra-

525 966 614 1039 tri
634 966 1030 1038 Leonardo
1055 965 1515 1063 procuratori
1542 964 1965 1060 Casinensi‚
1995 966 2253 1038 relicto
2284 989 2328 1036 a
2358 965 2720 1062 magistro

524 1070 790 1139 domus
830 1066 1439 1161 Teutonicorum⁷
1480 1077 1559 1138 ut
1597 1069 1687 1138 de
1728 1066 2005 1139 Sancto
2043 1066 2424 1140 Germano
2465 1076 2541 1139 et
2577 1065 2721 1138 alia

521 1178 718 1239 terra
761 1166 1200 1239 monasterii
1241 1168 1340 1240 40
1377 1166 1695 1264 eligeret
1748 1166 2095 1239 homines
2150 1168 2243 1238 ad
2299 1166 2719 1261 custodiam

525 1264 961 1340 monasterii
1019 1266 1475 1339 casinensis,
1582 1266 1727 1355 Qui
1790 1266 1997 1339 iussu
2055 1266 2533 1363 imperatoris
2586 1290 2721 1340 eos

525 1368 782 1464 elegit,
822 1377 1300 1439 sacramento
1340 1370 1433 1441 ab
1472 1368 1581 1439 eis
1623 1366 1936 1466 prestito
1979 1370 2117 1441 sub
2157 1368 2301 1438 hac
2336 1368 2619 1440 forma:

672 1469 829 1564 Eyo
885 1468 1054 1539 talis
1103 1469 1262 1538 iuro
1303 1466 1406 1539 ad
1438 1466 1567 1541 hec
1602 1474 1861 1541 sancta
1900 1468 2037 1541 Dei
2070 1468 2473 1563 euanqelia,
2528 1466 2725 1565 quod

421 1578 426 1581 ’
522 1570 615 1639 ab
651 1568 860 1641 hodie
897 1570 970 1639 in
1008 1574 1226 1638 antea
1261 1566 1561 1654 fideliter
1595 1568 1997 1641 custodiam
2036 1576 2105 1641 et
2135 1568 2417 1641 salvum
2442 1570 2723 1654 faciam

522 1671 1037 1741 monasterium
1116 1668 1535 1760 Cannense,
1615 1691 1977 1762 personas
2042 1666 2563 1740 monachorum
2653 1674 2721 1739 et

523 1768 855 1860 aliorum,
915 1770 1034 1863 qui
1059 1791 1202 1862 pro
1236 1774 1450 1861 parte
1485 1770 1818 1863 mayistri
1854 1768 2111 1840 domus
2144 1766 2720 1840 Alamannorum

520 1872 591 1940 in
641 1892 729 1940 ea
776 1869 1042 1953 suerint
1094 1868 1485 1959 constituti,
1562 1874 1628 1939 et
1679 1890 1794 1940 res
1842 1890 2087 1940 eorum
2155 1874 2223 1940 et
2280 1868 2717 1941 monasterii.

522 1968 682 2040 Non
720 1990 841 2039 ero
877 1969 949 2038 in
983 1968 1185 2052 facto
1223 1968 1520 2040 consilio
1558 1966 1669 2040 vel
1702 1990 2074 2063 consensu,
2113 1966 2421 2063 qualiter
2444 1967 2719 2042 inalte-

523 2070 674 2140 rius
724 2067 1055 2138 deveniat
1099 2090 1380 2161 manus,
1435 2090 1562 2139 nec
1614 2092 1745 2161 eqo
1781 2068 1961 2140 illud
1993 2068 2318 2161 reddam,
2374 2066 2721 2164 quamdiu

519 2167 840 2240 custodie
887 2166 1300 2260 deputatum
1350 2175 1453 2241 est
1487 2170 1821 2265 mayistri
1856 2168 2113 2241 domus
2153 2168 2715 2259 Teutonicum,

521 2275 591 2341 et
624 2293 755 2364 eyo
792 2268 890 2339 ibi
923 2291 1280 2339 mansero,

673 2386 1090 2485 Imperator
1124 2386 1215 2458 de
1256 2386 1510 2486 Capua
1553 2410 1639 2459 se
1680 2408 1995 2459 movens
2039 2409 2307 2460 versus
2346 2382 2716 2486 Apuliam,

523 2499 702 2585 aput
758 2485 1161 2583 Melphiam
1216 2487 1442 2583 vadit,
1499 2487 1617 2560 ubi
1676 2491 1769 2560 ad
1824 2512 1995 2560 eum
2050 2491 2332 2561 vadunt
2380 2486 2716 2583 Reginus

523 2587 1139 2686 archiepiscopus
1193 2597 1268 2659 et
1321 2587 1561 2660 dictus
1619 2587 2198 2660 Teutonicorum
2259 2586 2625 2683 magister
2673 2611 2715 2658 a

522 2689 856 2760 Romana
911 2689 1113 2760 curia
1167 2689 1599 2783 redeuntes,
1655 2687 1777 2786 qui
1831 2698 1905 2760 et
1956 2689 2225 2760 iterum
2264 2686 2478 2762 missi
2515 2711 2557 2760 a
2599 2709 2718 2760 ce-

525 2813 724 2883 sare,
765 2791 855 2861 ad
897 2813 1168 2886 papam
1213 2790 1492 2861 vadunt
1536 2814 1799 2861 mense
1840 2787 2185 2861 Ianuarii.

681 2907 942 2980 Mense
962 2907 1369 3000 Februarii,
1388 2909 1626 3004 primo
1645 2905 1764 2979 die
1784 2905 2069 2979 mensis
2096 2903 2719 3001 eiusdem7Rome

525 3003 832 3100 Tyberis
862 3005 1132 3078 fluvius
1165 3028 1300 3104 per
1328 3005 1779 3078 alluvionem
1812 3031 2052 3105 usque
2084 3007 2271 3078 adeo
2308 3005 2719 3102 inundavit,

525 3109 720 3203 quod
759 3107 1153 3204 occupavit
1190 3109 1282 3178 de
1320 3106 1664 3180 domibus
1696 3105 1912 3181 Urbis
1956 3131 2195 3205 usque
2232 3110 2321 3180 ad
2356 3105 2717 3180 Sanctum

525 3209 834 3288 Petrum¹
883 3217 956 3279 et
1013 3230 1251 3303 usque
1305 3210 1393 3280 ad
1449 3207 1809 3279 Sanctum
1861 3208 2210 3304 Paulum3
2283 3211 2477 3306 quod
2532 3207 2717 3280 tanti

527 3331 755 3380 causa
811 3307 1099 3380 timoris
1157 3307 1515 3380 Romanis
1570 3307 1914 3381 omnibus
1969 3307 2233 3404 extitit7
2288 3318 2366 3380 ut
2413 3332 2584 3380 mox
2626 3307 2719 3382 de

526 3409 904 3480 communi
947 3407 1286 3501 consiliQ
1329 3418 1534 3480 metu
1573 3407 1863 3502 mortis,
1904 3407 2288 3480 dominum
2319 3433 2593 3506 papam
2627 3412 2717 3482 ad

527 3509 798 3582 Urbem
832 3512 920 3581 de
954 3509 1260 3582 Perusio
1298 3521 1764 3582 revocarent.
1830 3508 1971 3598 Qui
2006 3509 2331 3604 rediens,
2368 3533 2407 3580 a
2450 3519 2719 3584 senatu

527 3610 954 3708 populoque
987 3609 1324 3682 Romano
1364 3610 1649 3707 ingenti
1690 3634 1857 3682 cum
1892 3609 2163 3705 gaudio
2196 3619 2313 3681 est
2344 3620 2720 3707 receptus.

679 3729 1011 3824 Reginus
1053 3729 1667 3825 archiepiscopus
1710 3738 1783 3802 et
1822 3727 2186 3824 magister
2222 3731 2493 3802 domus
2530 3727 2720 3800 Teu·

525 3829 940 3902 tonicorum
996 3833 1088 3902 ab
1140 3831 1334 3904 Urbe
1393 3832 1480 3900 ad
1538 3852 1882 3902 cesarem
1934 3839 2439 3926 revertuntur‚
2494 3853 2721 3926 quem

526 3933 720 4027 apud
763 3928 1151 4002 Precinam
1192 3929 1604 4001 inveniunt.

677 4048 957 4119 Eodem
1024 4071 1290 4119 mense
1353 4047 1653 4144 quidam
1708 4047 2075 4145 magister
2126 4047 2571 4120 Guilielmus
2629 4049 2723 4118 de

529 4148 780 4244 Capua
835 4147 1310 4244 imperatoris
1348 4149 1709 4244 notarius7
1767 4148 1971 4221 venit
2008 4148 2097 4220 ad
2138 4147 2500 4222 Sanctum
2540 4147 2723 4220 Ger-

530 4272 832 4319 manum
889 4271 1060 4318 cum
1116 4246 1377 4319 litteris
1429 4249 1981 4348 imperialibuS‚
2049 4258 2125 4319 ut
2180 4249 2241 4319 si
2296 4248 2463 4346 quis
2514 4257 2723 4320 esset
