3050 4900
1039 555 1048 562 .
1129 446 1208 516 Α.
1271 447 1486 521 1199.
1544 443 1757 518 1200.
2438 443 2531 516 23

1324 642 1574 792 1200.

345 1007 492 1081 que
529 984 964 1058 discurrens
991 981 1234 1054 mala
1215 1005 1612 1056 mnumeia
1644 979 2182 1076 committebat,
2222 977 2533 1077 prestito

345 1094 529 1182 aput
562 1083 970 1156 Venafrum
1027 1082 1519 1182 corporaliter
1572 1089 2053 1154 sacramento
2102 1082 2197 1152 de
2240 1104 2391 1156 non
2432 1080 2537 1153 of-

346 1185 720 1258 fendendo
783 1183 1108 1280 amplius
1175 1193 1372 1255 terra
1431 1181 1673 1254 sancti
1726 1181 2150 1277 Benedicti,
2230 1191 2539 1280 propter

347 1287 544 1384 quod
592 1283 944 1358 homines
982 1283 1235 1357 Sancti
1276 1283 1636 1356 Germani
1674 1282 1813 1356 sibi
1852 1307 1999 1354 non
2040 1287 2409 1356 cavebant
2444 1284 2535 1354 ab

345 1409 465 1480 eo,
518 1385 682 1482 ipse
720 1385 1155 1481 Dyopuldus
1193 1407 1366 1456 cum
1405 1383 1865 1482 perditorum
1904 1394 2133 1481 gente
2170 1393 2535 1456 nocturno

346 1496 692 1583 tempore
744 1485 1114 1558 hostiliter
1165 1495 1444 1557 terram
1509 1484 1765 1558 Sancti
1828 1483 2184 1558 Germani
2238 1483 2537 1556 intravit

345 1611 546 1658 nono
582 1586 850 1682 Martii,
889 1609 1208 1684 eamque
1249 1585 1481 1658 dans
1462 1611 1536 1656 ln
1568 1585 2063 1683 direptionem
2094 1595 2171 1658 et
2197 1585 2535 1698 predam,
2556 1599 2699 1656 lu·

251 1759 256 1764 .
346 1687 670 1762 miseros
722 1711 914 1784 quos
967 1686 1254 1759 invenit
1306 1687 1380 1758 in
1437 1711 1526 1758 ea
1578 1687 1929 1763 homines
1976 1685 2227 1759 multis
2266 1684 2536 1760 adiecit
2610 1674 2663 1730 ⁹·

345 1789 697 1887 periculis
751 1798 823 1860 et
884 1788 1324 1884 tormentiS,
1392 1797 1713 1901 postque
1779 1811 1863 1860 se
1928 1787 2300 1900 redimere
2362 1796 2540 1859 sunt

349 1889 610 1962 coacti.
716 1890 966 1961 Abbas
1015 1912 1196 1962 vero
1250 1888 1371 1986 qui
1426 1899 1590 1961 erat
1633 1888 1707 1959 in
1765 1887 2064 1961 civitate
2100 1887 2303 1985 ipsa,
2358 1887 2538 1984 fuga

347 1990 594 2063 media
625 2014 796 2063 cum
826 1989 1189 2086 Gregorio
1229 1989 1458 2060 fratre
1495 2013 1633 2062 suo
1673 1989 1745 2062 in
1783 1988 2087 2062 Atinum
2128 2013 2211 2061 se
2250 1987 2538 2086 recipit,

349 2101 426 2164 et
462 2091 729 2162 exinde
783 2114 867 2162 se
907 2089 980 2161 in
1017 2089 1372 2161 Mai-siam
1412 2091 1749 2183 contulit,
1801 2089 2049 2186 gentis
2091 2090 2449 2163 auxilium
2492 2113 2535 2162 a

349 2191 610 2266 Gelani
663 2188 937 2262 comite
995 2189 1384 2286 petiturus.
1489 2190 1631 2276 Qui
1672 2213 1843 2261 cum
1881 2190 2058 2261 illud
2095 2193 2277 2263 dare
2311 2193 2534 2262 dene-

349 2302 570 2389 garet
607 2290 877 2386 eidem,
916 2293 1005 2362 ad
1045 2290 1511 2384 Raynaldum
1555 2290 2056 2365 Senebaldum
2098 2289 2539 2363 fiducialiter

347 2393 505 2489 ivit,
559 2391 682 2491 qui
737 2401 973 2465 totum
1025 2400 1424 2485 argentum
1479 2415 1701 2465 suum
1759 2390 1894 2466 sibi
1942 2392 2350 2473 liberaliter
2390 2401 2538 2466 tra*

349 2494 554 2589 didit,
609 2518 780 2565 cum
821 2517 967 2591 quo
1007 2492 1289 2591 aliquot
1324 2492 1626 2565 retinuit
1664 2494 2087 2571 servientes
2132 2505 2204 2568 et
2244 2493 2538 2567 balista

350 2595 547 2687 rios,
629 2618 800 2666 cum
865 2593 1134 2692 quibus
1195 2594 1495 2667 rediens
1560 2618 1701 2693 per
1758 2605 2161 2691 montana,
2236 2593 2538 2667 intravit

351 2705 715 2768 nocturno
756 2706 1098 2807 tempore
1138 2695 1705 2767 monasterium.
1804 2696 1969 2783 Quo
2012 2695 2313 2809 cognito
2347 2696 2537 2789 Dyo-

347 2797 646 2896 puldus,
699 2820 870 2867 cum
921 2792 1169 2892 ipsum
1219 2798 1569 2868 abbatem
1624 2820 1796 2868 cum
1846 2796 2143 2892 magnis
2198 2797 2540 2869 crederet

348 2897 626 2971 viribus
665 2896 1005 2991 rediisse,
1058 2905 1305 2968 metus
1349 2920 1578 2968 causa
1616 2896 2149 2994 depopulatam
2184 2895 2535 3009 linquens

347 3009 624 3071 terram
683 2995 935 3070 Sancti
990 2996 1348 3072 Germani
1406 2996 1668 3091 exivit
1743 3008 1817 3070 et
1878 3021 2140 3071 secum
2197 2995 2535 3095 captivos

351 3100 714 3196 quosdam
757 3100 848 3170 de
884 3108 1087 3173 terra
1125 3097 1287 3195 ipsa
1328 3100 1419 3171 ad
1460 3122 1759 3175 roccam
1798 3100 1899 3169 A1
1906 3123 2010 3171 cis
2050 3098 2371 3171 deduxit.

495 3200 601 3277 Eo
642 3223 838 3271 anno
871 3198 1111 3270 dictus
1144 3201 1372 3275 abbas
1401 3222 1702 3275 roccam
1732 3199 1886 3271 lani
1917 3223 2151 3297 super
2173 3198 2529 3272 Sanctum
2562 3212 2719 3265 1199.

349 3298 810 3375 Germanum
840 3298 1191 3393 firmavit,
1231 3309 1306 3371 et
1345 3300 1744 3396 providens
1776 3298 2301 3413 ‘indempnitati
2335 3308 2535 3371 terre

351 3399 718 3494 eiusdem,
774 3424 942 3472 eam
1000 3423 1136 3500 per
1171 3398 1559 3472 circuitum
1600 3400 1833 3473 muris
1870 3399 2236 3495 firmavit
2278 3410 2351 3474 et
2386 3409 2536 3472 tur-

347 3500 550 3573 ribus
592 3510 666 3575 et
703 3500 1110 3597 aggeribus
1150 3500 1660 3576 communivit.

497 3601 929 3699 Dyopuldus
969 3622 1149 3672 vero
1189 3602 1336 3675 iam
1376 3602 1615 3676 dictus
1655 3625 1921 3675 mense
1960 3600 2143 3673 lunii
2182 3610 2363 3698 aput
2398 3598 2680 3671 Ve·1u

349 3701 643 3774 nafrum
709 3726 880 3774 cum
944 3701 1217 3774 comite
1283 3702 1540 3776 Celani
1600 3702 2130 3801 congreditur,
2210 3722 2536 3796 eumque

350 3802 754 3900 campestri
820 3802 1014 3876 bello
1079 3803 1402 3899 fugavit,
1477 3804 1823 3902 cepitque
1885 3815 2061 3876 tunc
2122 3802 2535 3873 Berardum

345 3901 580 3976 filium
640 3929 905 3999 suum,
973 3926 1197 4001 quem
1262 3906 1454 4002 apud
1516 3928 1817 3978 roccam
1879 3905 2095 3977 Arcis
2156 3900 2534 3999 captivum

349 4004 573 4079 duxit

349 4197 396 4267 a)
440 4212 490 4248 in
530 4196 798 4266 aliquibus
836 4212 958 4249 cum
1000 4194 1196 4265 quibus
1233 4197 1351 4265 ipse
1387 4200 1492 4251 iam
1529 4199 1919 4251 desiderantur.
