<?xml version="1.0" encoding="UTF-8"?>
<!DOCTYPE html PUBLIC "-//W3C//DTD XHTML 1.0 Transitional//EN"
    "http://www.w3.org/TR/xhtml1/DTD/xhtml1-transitional.dtd">
<html xmlns="http://www.w3.org/1999/xhtml" xml:lang="en" lang="en">
 <head>
  <title>
</title>
<meta http-equiv="Content-Type" content="text/html;charset=utf-8" />
  <meta name='ocr-system' content='tesseract 3.04.00' />
  <meta name='ocr-capabilities' content='ocr_page ocr_carea ocr_par ocr_line ocrx_word'/>
</head>
<body>
  <div class='ocr_page' id='page_1' title='image "./ryccardidesanct01pertgoog_0059.png"; bbox 0 0 3050 4900; ppageno 0'>
   <div class='ocr_carea' id='block_1_1' title="bbox 1165 394 2579 470">
    <p class='ocr_par' dir='ltr' id='par_1_1' title="bbox 1165 394 2579 470">
     <span class='ocr_line' id='line_1_1' title="bbox 1165 394 2579 470; baseline 0 -2"><span class='ocrx_word' id='word_1_1' title='bbox 1165 394 1248 468; x_wconf 83' lang='lat' dir='ltr'>A.</span> <span class='ocrx_word' id='word_1_2' title='bbox 1315 394 1797 470; x_wconf 78' lang='lat' dir='ltr'>122o.1121.</span> <span class='ocrx_word' id='word_1_3' title='bbox 2486 397 2579 468; x_wconf 76' lang='lat'>47</span> 
     </span>
    </p>
   </div>
   <div class='ocr_carea' id='block_1_2' title="bbox 335 593 2579 4218">
    <p class='ocr_par' dir='ltr' id='par_1_2' title="bbox 393 593 2579 770">
     <span class='ocr_line' id='line_1_2' title="bbox 393 593 2579 694; baseline -0 -26"><span class='ocrx_word' id='word_1_4' title='bbox 393 621 571 669; x_wconf 87' lang='lat' dir='ltr'>num</span> <span class='ocrx_word' id='word_1_5' title='bbox 627 599 716 668; x_wconf 91' lang='lat' dir='ltr'>de</span> <span class='ocrx_word' id='word_1_6' title='bbox 772 619 966 664; x_wconf 90' lang='lat' dir='ltr'>novo</span> <span class='ocrx_word' id='word_1_7' title='bbox 1017 593 1308 668; x_wconf 65' lang='lat' dir='ltr'>firmata</span> <span class='ocrx_word' id='word_1_8' title='bbox 1363 595 1701 690; x_wconf 79' lang='lat' dir='ltr'>diruitur,</span> <span class='ocrx_word' id='word_1_9' title='bbox 1757 595 1955 668; x_wconf 86' lang='lat' dir='ltr'>iuxta</span> <span class='ocrx_word' id='word_1_10' title='bbox 2008 593 2283 668; x_wconf 83' lang='lat' dir='ltr'>editam</span> <span class='ocrx_word' id='word_1_11' title='bbox 2323 597 2579 694; x_wconf 88' lang='lat' dir='ltr'>Capue</span> 
     </span>
     <span class='ocr_line' id='line_1_3' title="bbox 393 693 2179 770; baseline -0.002 0"><span class='ocrx_word' id='word_1_12' title='bbox 393 696 1004 770; x_wconf 85' lang='lat' dir='ltr'>constitutionem</span> <span class='ocrx_word' id='word_1_13' title='bbox 1045 698 1136 768; x_wconf 89' lang='lat' dir='ltr'>de</span> <span class='ocrx_word' id='word_1_14' title='bbox 1177 696 1388 768; x_wconf 88' lang='lat' dir='ltr'>novis</span> <span class='ocrx_word' id='word_1_15' title='bbox 1429 693 1739 768; x_wconf 89' lang='lat' dir='ltr'>edificiis</span> <span class='ocrx_word' id='word_1_16' title='bbox 1778 695 2179 768; x_wconf 77' lang='lat' dir='ltr'>diruendis,</span> 
     </span>
    </p>

    <p class='ocr_par' dir='ltr' id='par_1_3' title="bbox 381 796 2576 1400">
     <span class='ocr_line' id='line_1_4' title="bbox 540 796 2575 894; baseline -0.002 -21"><span class='ocrx_word' id='word_1_17' title='bbox 540 797 902 873; x_wconf 86' lang='lat' dir='ltr'>Celanum</span> <span class='ocrx_word' id='word_1_18' title='bbox 956 797 1391 894; x_wconf 85' lang='lat' dir='ltr'>imperatori</span> <span class='ocrx_word' id='word_1_19' title='bbox 1446 819 1531 868; x_wconf 87' lang='lat' dir='ltr'>se</span> <span class='ocrx_word' id='word_1_20' title='bbox 1587 796 1938 888; x_wconf 88' lang='lat' dir='ltr'>reddidit,</span> <span class='ocrx_word' id='word_1_21' title='bbox 2006 796 2450 894; x_wconf 87' lang='lat' dir='ltr'>quibusdam</span> <span class='ocrx_word' id='word_1_22' title='bbox 2501 796 2575 868; x_wconf 92' lang='lat' dir='ltr'>in</span> 
     </span>
     <span class='ocr_line' id='line_1_5' title="bbox 388 895 2575 973; baseline 0 -3"><span class='ocrx_word' id='word_1_23' title='bbox 388 898 567 970; x_wconf 88' lang='lat' dir='ltr'>turri</span> <span class='ocrx_word' id='word_1_24' title='bbox 609 897 864 973; x_wconf 88' lang='lat' dir='ltr'>Celani</span> <span class='ocrx_word' id='word_1_25' title='bbox 905 907 980 968; x_wconf 85' lang='lat' dir='ltr'>et</span> <span class='ocrx_word' id='word_1_26' title='bbox 1015 897 1090 968; x_wconf 91' lang='lat' dir='ltr'>in</span> <span class='ocrx_word' id='word_1_27' title='bbox 1129 897 1445 970; x_wconf 88' lang='lat' dir='ltr'>Obinulo</span> <span class='ocrx_word' id='word_1_28' title='bbox 1507 919 1593 968; x_wconf 88' lang='lat' dir='ltr'>se</span> <span class='ocrx_word' id='word_1_29' title='bbox 1644 900 1733 969; x_wconf 91' lang='lat' dir='ltr'>ad</span> <span class='ocrx_word' id='word_1_30' title='bbox 1789 895 2227 971; x_wconf 86' lang='lat' dir='ltr'>fidelitatem</span> <span class='ocrx_word' id='word_1_31' title='bbox 2282 896 2575 971; x_wconf 88' lang='lat' dir='ltr'>comitis</span> 
     </span>
     <span class='ocr_line' id='line_1_6' title="bbox 386 997 2576 1096; baseline 0 -26"><span class='ocrx_word' id='word_1_32' title='bbox 386 998 651 1070; x_wconf 83' lang='lat' dir='ltr'>Molisii</span> <span class='ocrx_word' id='word_1_33' title='bbox 703 997 1272 1093; x_wconf 79' lang='lat' dir='ltr'>recipientibus3</span> <span class='ocrx_word' id='word_1_34' title='bbox 1327 1008 1635 1096; x_wconf 87' lang='lat' dir='ltr'>propter</span> <span class='ocrx_word' id='word_1_35' title='bbox 1682 999 1874 1094; x_wconf 88' lang='lat' dir='ltr'>quod</span> <span class='ocrx_word' id='word_1_36' title='bbox 1928 997 2393 1072; x_wconf 88' lang='lat' dir='ltr'>Celanenses</span> <span class='ocrx_word' id='word_1_37' title='bbox 2442 998 2576 1070; x_wconf 89' lang='lat' dir='ltr'>im—</span> 
     </span>
     <span class='ocr_line' id='line_1_7' title="bbox 388 1098 2573 1212; baseline -0.001 -40"><span class='ocrx_word' id='word_1_38' title='bbox 388 1098 756 1212; x_wconf 79' lang='lat' dir='ltr'>peratoris</span> <span class='ocrx_word' id='word_1_39' title='bbox 795 1109 1102 1192; x_wconf 78' lang='lat' dir='ltr'>gentem</span> <span class='ocrx_word' id='word_1_40' title='bbox 1141 1098 1214 1170; x_wconf 92' lang='lat' dir='ltr'>in</span> <span class='ocrx_word' id='word_1_41' title='bbox 1269 1123 1494 1174; x_wconf 88' lang='lat' dir='ltr'>suum</span> <span class='ocrx_word' id='word_1_42' title='bbox 1549 1121 1995 1172; x_wconf 81' lang='lat' dir='ltr'><strong>succursum</strong></span> <span class='ocrx_word' id='word_1_43' title='bbox 2048 1109 2346 1194; x_wconf 88' lang='lat' dir='ltr'>vocant,</span> <span class='ocrx_word' id='word_1_44' title='bbox 2401 1123 2573 1171; x_wconf 92' lang='lat' dir='ltr'>cum</span> 
     </span>
     <span class='ocr_line' id='line_1_8' title="bbox 381 1198 2573 1298; baseline 0 -26"><span class='ocrx_word' id='word_1_45' title='bbox 381 1225 530 1298; x_wconf 88' lang='lat' dir='ltr'>qua</span> <span class='ocrx_word' id='word_1_46' title='bbox 565 1199 828 1272; x_wconf 88' lang='lat' dir='ltr'>turrim</span> <span class='ocrx_word' id='word_1_47' title='bbox 870 1198 1112 1297; x_wconf 82' lang='lat' dir='ltr'>ipsam</span> <span class='ocrx_word' id='word_1_48' title='bbox 1151 1199 1686 1298; x_wconf 77' lang='lat' dir='ltr'>aggredientes</span> <span class='ocrx_word' id='word_1_49' title='bbox 1727 1199 2059 1296; x_wconf 88' lang='lat' dir='ltr'>viriliter,</span> <span class='ocrx_word' id='word_1_50' title='bbox 2099 1223 2269 1274; x_wconf 86' lang='lat' dir='ltr'>eam</span> <span class='ocrx_word' id='word_1_51' title='bbox 2300 1223 2573 1297; x_wconf 85' lang='lat' dir='ltr'>capere</span> 
     </span>
     <span class='ocr_line' id='line_1_9' title="bbox 383 1301 903 1400; baseline -0.002 -28"><span class='ocrx_word' id='word_1_52' title='bbox 383 1301 903 1400; x_wconf 88' lang='lat' dir='ltr'>nequiverunt.</span> 
     </span>
    </p>

    <p class='ocr_par' dir='ltr' id='par_1_4' title="bbox 365 1398 2571 2607">
     <span class='ocr_line' id='line_1_10' title="bbox 527 1398 2571 1500; baseline 0 -26"><span class='ocrx_word' id='word_1_53' title='bbox 527 1403 945 1500; x_wconf 83' lang='lat' dir='ltr'>Imperator</span> <span class='ocrx_word' id='word_1_54' title='bbox 981 1399 1255 1474; x_wconf 89' lang='lat' dir='ltr'>ceteris</span> <span class='ocrx_word' id='word_1_55' title='bbox 1291 1403 1383 1472; x_wconf 90' lang='lat' dir='ltr'>de</span> <span class='ocrx_word' id='word_1_56' title='bbox 1413 1423 1650 1497; x_wconf 79' lang='lat' dir='ltr'>regno</span> <span class='ocrx_word' id='word_1_57' title='bbox 1681 1400 1815 1473; x_wconf 85' lang='lat' dir='ltr'>sibi</span> <span class='ocrx_word' id='word_1_58' title='bbox 1848 1401 2035 1474; x_wconf 91' lang='lat' dir='ltr'>colla</span> <span class='ocrx_word' id='word_1_59' title='bbox 2068 1398 2571 1495; x_wconf 77' lang='lat' dir='ltr'>flectentibuS,</span> 
     </span>
     <span class='ocr_line' id='line_1_11' title="bbox 381 1500 2563 1600; baseline -0.001 -26"><span class='ocrx_word' id='word_1_60' title='bbox 381 1527 517 1600; x_wconf 87' lang='lat' dir='ltr'>per</span> <span class='ocrx_word' id='word_1_61' title='bbox 568 1501 914 1600; x_wconf 86' lang='lat' dir='ltr'><strong>Apuliam</strong></span> <span class='ocrx_word' id='word_1_62' title='bbox 969 1511 1047 1574; x_wconf 86' lang='lat' dir='ltr'>et</span> <span class='ocrx_word' id='word_1_63' title='bbox 1095 1501 1511 1576; x_wconf 77' lang='lat' dir='ltr'>Calabriam</span> <span class='ocrx_word' id='word_1_64' title='bbox 1565 1501 1706 1573; x_wconf 89' lang='lat' dir='ltr'>iter</span> <span class='ocrx_word' id='word_1_65' title='bbox 1754 1503 2071 1596; x_wconf 87' lang='lat' dir='ltr'>habens,</span> <span class='ocrx_word' id='word_1_66' title='bbox 2130 1500 2444 1572; x_wconf 84' lang='lat' dir='ltr'>feliciter</span> <span class='ocrx_word' id='word_1_67' title='bbox 2492 1502 2563 1572; x_wconf 91' lang='lat' dir='ltr'>in</span> 
     </span>
     <span class='ocr_line' id='line_1_12' title="bbox 376 1601 2567 1699; baseline -0.001 -23"><span class='ocrx_word' id='word_1_68' title='bbox 376 1603 706 1676; x_wconf 82' lang='lat' dir='ltr'>Siciliam</span> <span class='ocrx_word' id='word_1_69' title='bbox 735 1601 1196 1696; x_wconf 75' lang='lat' dir='ltr'>transfretat,</span> <span class='ocrx_word' id='word_1_70' title='bbox 1224 1611 1300 1674; x_wconf 88' lang='lat' dir='ltr'>et</span> <span class='ocrx_word' id='word_1_71' title='bbox 1331 1603 1683 1681; x_wconf 83' lang='lat' dir='ltr'>Messane</span> <span class='ocrx_word' id='word_1_72' title='bbox 1712 1626 1991 1699; x_wconf 83' lang='lat' dir='ltr'>regens</span> <span class='ocrx_word' id='word_1_73' title='bbox 2024 1601 2307 1675; x_wconf 87' lang='lat' dir='ltr'>curiam</span> <span class='ocrx_word' id='word_1_74' title='bbox 2338 1625 2567 1699; x_wconf 83' lang='lat' dir='ltr'>gene-</span> 
     </span>
     <span class='ocr_line' id='line_1_13' title="bbox 375 1701 2564 1801; baseline -0.001 -27"><span class='ocrx_word' id='word_1_75' title='bbox 375 1704 640 1800; x_wconf 74' lang='lat' dir='ltr'>ralem,</span> <span class='ocrx_word' id='word_1_76' title='bbox 681 1706 1042 1801; x_wconf 85' lang='lat' dir='ltr'>quasdam</span> <span class='ocrx_word' id='word_1_77' title='bbox 1084 1701 1178 1776; x_wconf 89' lang='lat' dir='ltr'>ibi</span> <span class='ocrx_word' id='word_1_78' title='bbox 1215 1702 1474 1778; x_wconf 87' lang='lat' dir='ltr'>statuit</span> <span class='ocrx_word' id='word_1_79' title='bbox 1500 1703 1817 1776; x_wconf 88' lang='lat' dir='ltr'>ascisias</span> <span class='ocrx_word' id='word_1_80' title='bbox 1848 1705 2361 1778; x_wconf 81' lang='lat' dir='ltr'>observandas</span> <span class='ocrx_word' id='word_1_81' title='bbox 2392 1721 2564 1775; x_wconf 88' lang='lat' dir='ltr'>con·</span> 
     </span>
     <span class='ocr_line' id='line_1_14' title="bbox 375 1802 2563 1878; baseline 0 -4"><span class='ocrx_word' id='word_1_82' title='bbox 375 1815 489 1877; x_wconf 91' lang='lat' dir='ltr'>tra</span> <span class='ocrx_word' id='word_1_83' title='bbox 518 1804 814 1878; x_wconf 88' lang='lat' dir='ltr'>lusores</span> <span class='ocrx_word' id='word_1_84' title='bbox 845 1802 1266 1877; x_wconf 84' lang='lat' dir='ltr'>taxillorum</span> <span class='ocrx_word' id='word_1_85' title='bbox 1291 1813 1367 1876; x_wconf 88' lang='lat' dir='ltr'>et</span> <span class='ocrx_word' id='word_1_86' title='bbox 1386 1804 1723 1876; x_wconf 88' lang='lat' dir='ltr'>alearum</span> <span class='ocrx_word' id='word_1_87' title='bbox 1749 1828 2023 1876; x_wconf 87' lang='lat' dir='ltr'>nomen</span> <span class='ocrx_word' id='word_1_88' title='bbox 2049 1803 2345 1876; x_wconf 87' lang='lat' dir='ltr'>Domini</span> <span class='ocrx_word' id='word_1_89' title='bbox 2370 1803 2563 1876; x_wconf 88' lang='lat' dir='ltr'>blas·</span> 
     </span>
     <span class='ocr_line' id='line_1_15' title="bbox 374 1903 2562 2002; baseline -0.001 -24"><span class='ocrx_word' id='word_1_90' title='bbox 374 1906 854 2002; x_wconf 80' lang='lat' dir='ltr'>phemanteS,</span> <span class='ocrx_word' id='word_1_91' title='bbox 908 1914 1166 1978; x_wconf 86' lang='lat' dir='ltr'>contra</span> <span class='ocrx_word' id='word_1_92' title='bbox 1205 1903 1500 1998; x_wconf 88' lang='lat' dir='ltr'>ludeos,</span> <span class='ocrx_word' id='word_1_93' title='bbox 1553 1915 1628 1976; x_wconf 89' lang='lat' dir='ltr'>ut</span> <span class='ocrx_word' id='word_1_94' title='bbox 1664 1904 1739 1977; x_wconf 91' lang='lat' dir='ltr'>in</span> <span class='ocrx_word' id='word_1_95' title='bbox 1778 1903 2197 1978; x_wconf 85' lang='lat' dir='ltr'>differentia</span> <span class='ocrx_word' id='word_1_96' title='bbox 2236 1905 2562 1978; x_wconf 88' lang='lat' dir='ltr'>vestium</span> 
     </span>
     <span class='ocr_line' id='line_1_16' title="bbox 374 2004 2562 2102; baseline 0 -25"><span class='ocrx_word' id='word_1_97' title='bbox 374 2015 448 2078; x_wconf 91' lang='lat' dir='ltr'>et</span> <span class='ocrx_word' id='word_1_98' title='bbox 485 2017 875 2102; x_wconf 81' lang='lat' dir='ltr'>gestorum</span> <span class='ocrx_word' id='word_1_99' title='bbox 915 2031 957 2076; x_wconf 86' lang='lat' dir='ltr'>a</span> <span class='ocrx_word' id='word_1_100' title='bbox 985 2004 1416 2078; x_wconf 84' lang='lat' dir='ltr'>christianis</span> <span class='ocrx_word' id='word_1_101' title='bbox 1449 2005 1995 2098; x_wconf 86' lang='lat' dir='ltr'>discernantur,</span> <span class='ocrx_word' id='word_1_102' title='bbox 2035 2014 2290 2078; x_wconf 88' lang='lat' dir='ltr'>contra</span> <span class='ocrx_word' id='word_1_103' title='bbox 2322 2029 2562 2077; x_wconf 90' lang='lat' dir='ltr'>mere-</span> 
     </span>
     <span class='ocr_line' id='line_1_17' title="bbox 369 2103 2561 2179; baseline 0 -2"><span class='ocrx_word' id='word_1_104' title='bbox 369 2107 596 2179; x_wconf 85' lang='lat' dir='ltr'>trices</span> <span class='ocrx_word' id='word_1_105' title='bbox 635 2117 718 2178; x_wconf 90' lang='lat' dir='ltr'>ut</span> <span class='ocrx_word' id='word_1_106' title='bbox 755 2128 924 2177; x_wconf 91' lang='lat' dir='ltr'>cum</span> <span class='ocrx_word' id='word_1_107' title='bbox 964 2103 1307 2178; x_wconf 85' lang='lat' dir='ltr'>honestis</span> <span class='ocrx_word' id='word_1_108' title='bbox 1348 2105 1781 2176; x_wconf 88' lang='lat' dir='ltr'>mulieribus</span> <span class='ocrx_word' id='word_1_109' title='bbox 1818 2107 1909 2178; x_wconf 91' lang='lat' dir='ltr'>ad</span> <span class='ocrx_word' id='word_1_110' title='bbox 1951 2106 2217 2178; x_wconf 86' lang='lat' dir='ltr'>balnea</span> <span class='ocrx_word' id='word_1_111' title='bbox 2260 2130 2404 2176; x_wconf 90' lang='lat' dir='ltr'>non</span> <span class='ocrx_word' id='word_1_112' title='bbox 2442 2129 2561 2178; x_wconf 85' lang='lat' dir='ltr'>ac-</span> 
     </span>
     <span class='ocr_line' id='line_1_18' title="bbox 369 2204 2559 2280; baseline -0.002 0"><span class='ocrx_word' id='word_1_113' title='bbox 369 2211 644 2280; x_wconf 88' lang='lat' dir='ltr'>cedant</span> <span class='ocrx_word' id='word_1_114' title='bbox 705 2216 781 2279; x_wconf 88' lang='lat' dir='ltr'>et</span> <span class='ocrx_word' id='word_1_115' title='bbox 840 2215 918 2276; x_wconf 90' lang='lat' dir='ltr'>ut</span> <span class='ocrx_word' id='word_1_116' title='bbox 981 2229 1242 2278; x_wconf 85' lang='lat' dir='ltr'>earum</span> <span class='ocrx_word' id='word_1_117' title='bbox 1297 2204 1651 2279; x_wconf 86' lang='lat' dir='ltr'>habitatio</span> <span class='ocrx_word' id='word_1_118' title='bbox 1710 2229 1855 2278; x_wconf 92' lang='lat' dir='ltr'>non</span> <span class='ocrx_word' id='word_1_119' title='bbox 1915 2204 2013 2278; x_wconf 86' lang='lat' dir='ltr'>sit</span> <span class='ocrx_word' id='word_1_120' title='bbox 2065 2205 2257 2278; x_wconf 85' lang='lat' dir='ltr'>infra</span> <span class='ocrx_word' id='word_1_121' title='bbox 2306 2205 2559 2278; x_wconf 85' lang='lat' dir='ltr'>menia</span> 
     </span>
     <span class='ocr_line' id='line_1_19' title="bbox 371 2304 2555 2404; baseline -0.001 -25"><span class='ocrx_word' id='word_1_122' title='bbox 371 2306 777 2396; x_wconf 86' lang='lat' dir='ltr'>civitatum,</span> <span class='ocrx_word' id='word_1_123' title='bbox 834 2315 1092 2378; x_wconf 87' lang='lat' dir='ltr'>contra</span> <span class='ocrx_word' id='word_1_124' title='bbox 1147 2304 1601 2378; x_wconf 83' lang='lat' dir='ltr'>ioculatores</span> <span class='ocrx_word' id='word_1_125' title='bbox 1652 2305 2147 2404; x_wconf 83' lang='lat' dir='ltr'>obloquentes</span> <span class='ocrx_word' id='word_1_126' title='bbox 2198 2317 2279 2378; x_wconf 92' lang='lat' dir='ltr'>ut</span> <span class='ocrx_word' id='word_1_127' title='bbox 2322 2305 2445 2404; x_wconf 90' lang='lat' dir='ltr'>qui</span> <span class='ocrx_word' id='word_1_128' title='bbox 2482 2306 2555 2377; x_wconf 91' lang='lat' dir='ltr'>in</span> 
     </span>
     <span class='ocr_line' id='line_1_20' title="bbox 367 2406 2559 2506; baseline -0.001 -24"><span class='ocrx_word' id='word_1_129' title='bbox 367 2407 714 2506; x_wconf 85' lang='lat' dir='ltr'>personis</span> <span class='ocrx_word' id='word_1_130' title='bbox 768 2417 896 2480; x_wconf 90' lang='lat' dir='ltr'>aut</span> <span class='ocrx_word' id='word_1_131' title='bbox 949 2409 1171 2481; x_wconf 89' lang='lat' dir='ltr'>rebus</span> <span class='ocrx_word' id='word_1_132' title='bbox 1225 2406 1391 2481; x_wconf 85' lang='lat' dir='ltr'>illos</span> <span class='ocrx_word' id='word_1_133' title='bbox 1445 2406 1868 2503; x_wconf 86' lang='lat' dir='ltr'>offenderit,</span> <span class='ocrx_word' id='word_1_134' title='bbox 1922 2431 2192 2505; x_wconf 90' lang='lat' dir='ltr'>pacem</span> <span class='ocrx_word' id='word_1_135' title='bbox 2250 2429 2397 2480; x_wconf 90' lang='lat' dir='ltr'>non</span> <span class='ocrx_word' id='word_1_136' title='bbox 2452 2417 2559 2481; x_wconf 86' lang='lat' dir='ltr'>te-</span> 
     </span>
     <span class='ocr_line' id='line_1_21' title="bbox 365 2507 1610 2607; baseline 0 -26"><span class='ocrx_word' id='word_1_137' title='bbox 365 2520 633 2583; x_wconf 88' lang='lat' dir='ltr'>neatur</span> <span class='ocrx_word' id='word_1_138' title='bbox 670 2507 1134 2607; x_wconf 85' lang='lat' dir='ltr'>imperialem</span> <span class='ocrx_word' id='word_1_139' title='bbox 1176 2508 1610 2605; x_wconf 80' lang='lat' dir='ltr'>infringere.</span> 
     </span>
    </p>

    <p class='ocr_par' dir='ltr' id='par_1_5' title="bbox 335 2608 2557 4218">
     <span class='ocr_line' id='line_1_22' title="bbox 521 2608 2552 2707; baseline -0.001 -24"><span class='ocrx_word' id='word_1_140' title='bbox 521 2612 680 2683; x_wconf 89' lang='lat' dir='ltr'>Hoc</span> <span class='ocrx_word' id='word_1_141' title='bbox 735 2634 934 2683; x_wconf 89' lang='lat' dir='ltr'>anno</span> <span class='ocrx_word' id='word_1_142' title='bbox 995 2608 1353 2683; x_wconf 84' lang='lat' dir='ltr'>vicesima</span> <span class='ocrx_word' id='word_1_143' title='bbox 1411 2634 1450 2680; x_wconf 91' lang='lat' dir='ltr'>a</span> <span class='ocrx_word' id='word_1_144' title='bbox 1503 2608 1853 2707; x_wconf 83' lang='lat' dir='ltr'>personis</span> <span class='ocrx_word' id='word_1_145' title='bbox 1894 2608 2457 2703; x_wconf 79' lang='lat' dir='ltr'>ecclesiasticiS,</span> <span class='ocrx_word' id='word_1_146' title='bbox 2513 2634 2552 2680; x_wconf 91' lang='lat' dir='ltr'>a</span> 
     </span>
     <span class='ocr_line' id='line_1_23' title="bbox 361 2710 2556 2807; baseline -0.002 -26"><span class='ocrx_word' id='word_1_147' title='bbox 361 2710 596 2805; x_wconf 85' lang='lat' dir='ltr'>laycis</span> <span class='ocrx_word' id='word_1_148' title='bbox 652 2735 830 2783; x_wconf 87' lang='lat' dir='ltr'>vero</span> <span class='ocrx_word' id='word_1_149' title='bbox 887 2710 1178 2782; x_wconf 88' lang='lat' dir='ltr'>decima</span> <span class='ocrx_word' id='word_1_150' title='bbox 1236 2734 1372 2807; x_wconf 89' lang='lat' dir='ltr'>pro</span> <span class='ocrx_word' id='word_1_151' title='bbox 1436 2710 1766 2783; x_wconf 87' lang='lat' dir='ltr'>subsidio</span> <span class='ocrx_word' id='word_1_152' title='bbox 1829 2720 2028 2783; x_wconf 86' lang='lat' dir='ltr'>terre</span> <span class='ocrx_word' id='word_1_153' title='bbox 2094 2720 2355 2781; x_wconf 90' lang='lat' dir='ltr'>sancte</span> <span class='ocrx_word' id='word_1_154' title='bbox 2418 2733 2556 2806; x_wconf 86' lang='lat' dir='ltr'>per</span> 
     </span>
     <span class='ocr_line' id='line_1_24' title="bbox 363 2809 2557 2908; baseline -0.001 -25"><span class='ocrx_word' id='word_1_155' title='bbox 363 2822 598 2883; x_wconf 88' lang='lat' dir='ltr'>totum</span> <span class='ocrx_word' id='word_1_156' title='bbox 641 2836 964 2908; x_wconf 79' lang='lat' dir='ltr'>regnum</span> <span class='ocrx_word' id='word_1_157' title='bbox 1003 2810 1399 2906; x_wconf 69' lang='lat' dir='ltr'>colligitur,</span> <span class='ocrx_word' id='word_1_158' title='bbox 1453 2820 1528 2881; x_wconf 90' lang='lat' dir='ltr'>et</span> <span class='ocrx_word' id='word_1_159' title='bbox 1579 2834 1719 2906; x_wconf 89' lang='lat' dir='ltr'>per</span> <span class='ocrx_word' id='word_1_160' title='bbox 1766 2809 2232 2883; x_wconf 86' lang='lat' dir='ltr'>Gualterium</span> <span class='ocrx_word' id='word_1_161' title='bbox 2289 2812 2381 2881; x_wconf 90' lang='lat' dir='ltr'>de</span> <span class='ocrx_word' id='word_1_162' title='bbox 2421 2810 2557 2881; x_wconf 78' lang='lat' dir='ltr'>Pa-</span> 
     </span>
     <span class='ocr_line' id='line_1_25' title="bbox 363 2908 2549 3009; baseline -0.001 -28"><span class='ocrx_word' id='word_1_163' title='bbox 363 2911 596 2985; x_wconf 88' lang='lat' dir='ltr'>learia</span> <span class='ocrx_word' id='word_1_164' title='bbox 636 2912 849 3009; x_wconf 83' lang='lat' dir='ltr'>regni</span> <span class='ocrx_word' id='word_1_165' title='bbox 890 2910 1446 3005; x_wconf 86' lang='lat' dir='ltr'>cancellarium,</span> <span class='ocrx_word' id='word_1_166' title='bbox 1487 2921 1565 2983; x_wconf 91' lang='lat' dir='ltr'>et</span> <span class='ocrx_word' id='word_1_167' title='bbox 1598 2932 1737 3008; x_wconf 87' lang='lat' dir='ltr'>per</span> <span class='ocrx_word' id='word_1_168' title='bbox 1762 2910 2169 2983; x_wconf 87' lang='lat' dir='ltr'>Henricum</span> <span class='ocrx_word' id='word_1_169' title='bbox 2207 2911 2298 2982; x_wconf 91' lang='lat' dir='ltr'>de</span> <span class='ocrx_word' id='word_1_170' title='bbox 2327 2908 2549 2980; x_wconf 83' lang='lat' dir='ltr'>Malta</span> 
     </span>
     <span class='ocr_line' id='line_1_26' title="bbox 362 3009 2543 3109; baseline -0.001 -26"><span class='ocrx_word' id='word_1_171' title='bbox 362 3012 743 3107; x_wconf 78' lang='lat' dir='ltr'>comitem,</span> <span class='ocrx_word' id='word_1_172' title='bbox 781 3011 1046 3084; x_wconf 85' lang='lat' dir='ltr'>marini</span> <span class='ocrx_word' id='word_1_173' title='bbox 1077 3011 1271 3085; x_wconf 88' lang='lat' dir='ltr'>stolii</span> <span class='ocrx_word' id='word_1_174' title='bbox 1303 3011 1810 3104; x_wconf 87' lang='lat' dir='ltr'>ammiratum,</span> <span class='ocrx_word' id='word_1_175' title='bbox 1848 3009 2093 3109; x_wconf 87' lang='lat' dir='ltr'>ipsam</span> <span class='ocrx_word' id='word_1_176' title='bbox 2123 3010 2543 3087; x_wconf 87' lang='lat' dir='ltr'>Damiatam</span> 
     </span>
     <span class='ocr_line' id='line_1_27' title="bbox 359 3110 2547 3210; baseline -0.001 -26"><span class='ocrx_word' id='word_1_177' title='bbox 359 3113 821 3209; x_wconf 80' lang='lat' dir='ltr'>transmittit,</span> <span class='ocrx_word' id='word_1_178' title='bbox 857 3112 1034 3187; x_wconf 86' lang='lat' dir='ltr'>licet</span> <span class='ocrx_word' id='word_1_179' title='bbox 1069 3122 1246 3185; x_wconf 87' lang='lat' dir='ltr'>tunc</span> <span class='ocrx_word' id='word_1_180' title='bbox 1272 3112 1637 3210; x_wconf 88' lang='lat' dir='ltr'>temporis</span> <span class='ocrx_word' id='word_1_181' title='bbox 1664 3112 2026 3187; x_wconf 86' lang='lat' dir='ltr'>ammissa</span> <span class='ocrx_word' id='word_1_182' title='bbox 2058 3110 2281 3185; x_wconf 86' lang='lat' dir='ltr'>fuerit</span> <span class='ocrx_word' id='word_1_183' title='bbox 2313 3110 2547 3209; x_wconf 86' lang='lat' dir='ltr'>culpis</span> 
     </span>
     <span class='ocr_line' id='line_1_28' title="bbox 335 3211 2549 3315; baseline -0.001 -30"><span class='ocrx_word' id='word_1_184' title='bbox 335 3213 830 3315; x_wconf 49' lang='lat' dir='ltr'>‚exigentibus</span> <span class='ocrx_word' id='word_1_185' title='bbox 870 3214 1234 3287; x_wconf 87' lang='lat' dir='ltr'>Damiata.</span> <span class='ocrx_word' id='word_1_186' title='bbox 1341 3215 1655 3310; x_wconf 88' lang='lat' dir='ltr'>Propter</span> <span class='ocrx_word' id='word_1_187' title='bbox 1710 3218 1903 3309; x_wconf 87' lang='lat' dir='ltr'>quod</span> <span class='ocrx_word' id='word_1_188' title='bbox 1960 3214 2125 3311; x_wconf 87' lang='lat' dir='ltr'>ipse</span> <span class='ocrx_word' id='word_1_189' title='bbox 2183 3211 2549 3285; x_wconf 89' lang='lat' dir='ltr'>cancella·</span> 
     </span>
     <span class='ocr_line' id='line_1_29' title="bbox 359 3314 2547 3411; baseline -0.001 -26"><span class='ocrx_word' id='word_1_190' title='bbox 359 3315 512 3387; x_wconf 90' lang='lat' dir='ltr'>rius</span> <span class='ocrx_word' id='word_1_191' title='bbox 567 3315 750 3387; x_wconf 88' lang='lat' dir='ltr'>iram</span> <span class='ocrx_word' id='word_1_192' title='bbox 813 3314 1286 3411; x_wconf 80' lang='lat' dir='ltr'>imperatoris</span> <span class='ocrx_word' id='word_1_193' title='bbox 1351 3327 1735 3407; x_wconf 82' lang='lat' dir='ltr'>metuenS,</span> <span class='ocrx_word' id='word_1_194' title='bbox 1806 3336 1891 3385; x_wconf 85' lang='lat' dir='ltr'>se</span> <span class='ocrx_word' id='word_1_195' title='bbox 1954 3314 2307 3387; x_wconf 79' lang='lat' dir='ltr'>venetias</span> <span class='ocrx_word' id='word_1_196' title='bbox 2373 3336 2547 3383; x_wconf 89' lang='lat' dir='ltr'>con-</span> 
     </span>
     <span class='ocr_line' id='line_1_30' title="bbox 355 3413 2547 3512; baseline -0 -26"><span class='ocrx_word' id='word_1_197' title='bbox 355 3416 544 3509; x_wconf 82' lang='lat' dir='ltr'>tulit,</span> <span class='ocrx_word' id='word_1_198' title='bbox 601 3426 675 3487; x_wconf 88' lang='lat' dir='ltr'>et</span> <span class='ocrx_word' id='word_1_199' title='bbox 714 3416 953 3488; x_wconf 86' lang='lat' dir='ltr'>dictus</span> <span class='ocrx_word' id='word_1_200' title='bbox 994 3438 1252 3487; x_wconf 88' lang='lat' dir='ltr'>comes</span> <span class='ocrx_word' id='word_1_201' title='bbox 1290 3414 1533 3487; x_wconf 86' lang='lat' dir='ltr'>redit</span> <span class='ocrx_word' id='word_1_202' title='bbox 1516 3440 1589 3487; x_wconf 78' lang='lat' dir='ltr'>in</span> <span class='ocrx_word' id='word_1_203' title='bbox 1630 3438 1976 3510; x_wconf 83' lang='lat' dir='ltr'>regnum,</span> <span class='ocrx_word' id='word_1_204' title='bbox 2022 3414 2144 3512; x_wconf 90' lang='lat' dir='ltr'>qui</span> <span class='ocrx_word' id='word_1_205' title='bbox 2182 3419 2275 3488; x_wconf 89' lang='lat' dir='ltr'>ab</span> <span class='ocrx_word' id='word_1_206' title='bbox 2314 3413 2547 3510; x_wconf 85' lang='lat' dir='ltr'>impe-</span> 
     </span>
     <span class='ocr_line' id='line_1_31' title="bbox 354 3473 2545 3619; baseline -0.001 -31"><span class='ocrx_word' id='word_1_207' title='bbox 354 3473 601 3589; x_wconf 64' lang='lat' dir='ltr'>ratoie</span> <span class='ocrx_word' id='word_1_208' title='bbox 644 3528 908 3619; x_wconf 82' lang='lat' dir='ltr'>captus</span> <span class='ocrx_word' id='word_1_209' title='bbox 949 3526 1092 3609; x_wconf 86' lang='lat' dir='ltr'>est,</span> <span class='ocrx_word' id='word_1_210' title='bbox 1129 3525 1206 3587; x_wconf 88' lang='lat' dir='ltr'>et</span> <span class='ocrx_word' id='word_1_211' title='bbox 1237 3525 1516 3588; x_wconf 87' lang='lat' dir='ltr'>terram</span> <span class='ocrx_word' id='word_1_212' title='bbox 1561 3539 1783 3612; x_wconf 86' lang='lat' dir='ltr'>quam</span> <span class='ocrx_word' id='word_1_213' title='bbox 1825 3520 2153 3610; x_wconf 88' lang='lat' dir='ltr'>tenebat,</span> <span class='ocrx_word' id='word_1_214' title='bbox 2190 3513 2545 3608; x_wconf 87' lang='lat' dir='ltr'>ammisit,</span> 
     </span>
     <span class='ocr_line' id='line_1_32' title="bbox 355 3612 2541 3714; baseline -0.001 -26"><span class='ocrx_word' id='word_1_215' title='bbox 355 3641 486 3688; x_wconf 89' lang='lat' dir='ltr'>rex</span> <span class='ocrx_word' id='word_1_216' title='bbox 537 3640 757 3712; x_wconf 73' lang='lat' dir='ltr'>vei-0,</span> <span class='ocrx_word' id='word_1_217' title='bbox 823 3617 1247 3714; x_wconf 86' lang='lat' dir='ltr'>patriarcha</span> <span class='ocrx_word' id='word_1_218' title='bbox 1301 3615 2041 3710; x_wconf 71' lang='lat' dir='ltr'>lheiosolimitanus,</span> <span class='ocrx_word' id='word_1_219' title='bbox 2094 3612 2541 3689; x_wconf 84' lang='lat' dir='ltr'>Albanensis</span> 
     </span>
     <span class='ocr_line' id='line_1_33' title="bbox 354 3714 2541 3816; baseline -0.002 -27"><span class='ocrx_word' id='word_1_220' title='bbox 354 3718 785 3816; x_wconf 91' lang='lat' dir='ltr'>episcopus,</span> <span class='ocrx_word' id='word_1_221' title='bbox 841 3728 916 3789; x_wconf 92' lang='lat' dir='ltr'>et</span> <span class='ocrx_word' id='word_1_222' title='bbox 969 3717 1200 3791; x_wconf 85' lang='lat' dir='ltr'>ceteri</span> <span class='ocrx_word' id='word_1_223' title='bbox 1252 3717 1374 3815; x_wconf 85' lang='lat' dir='ltr'>qui</span> <span class='ocrx_word' id='word_1_224' title='bbox 1425 3716 1496 3789; x_wconf 89' lang='lat' dir='ltr'>in</span> <span class='ocrx_word' id='word_1_225' title='bbox 1552 3716 1744 3789; x_wconf 87' lang='lat' dir='ltr'>bello</span> <span class='ocrx_word' id='word_1_226' title='bbox 1793 3716 2091 3788; x_wconf 86' lang='lat' dir='ltr'>fuerant</span> <span class='ocrx_word' id='word_1_227' title='bbox 2128 3714 2541 3809; x_wconf 89' lang='lat' dir='ltr'>christiani,</span> 
     </span>
     <span class='ocr_line' id='line_1_34' title="bbox 352 3816 2543 3893; baseline -0.003 -2"><span class='ocrx_word' id='word_1_228' title='bbox 352 3822 490 3893; x_wconf 89' lang='lat' dir='ltr'>sub</span> <span class='ocrx_word' id='word_1_229' title='bbox 523 3842 792 3891; x_wconf 86' lang='lat' dir='ltr'>securo</span> <span class='ocrx_word' id='word_1_230' title='bbox 823 3818 1112 3891; x_wconf 91' lang='lat' dir='ltr'>soldani</span> <span class='ocrx_word' id='word_1_231' title='bbox 1141 3820 1512 3891; x_wconf 86' lang='lat' dir='ltr'>conductu</span> <span class='ocrx_word' id='word_1_232' title='bbox 1540 3820 1635 3891; x_wconf 82' lang='lat' dir='ltr'>ad</span> <span class='ocrx_word' id='word_1_233' title='bbox 1657 3816 2191 3889; x_wconf 84' lang='lat' dir='ltr'>Acconitanam</span> <span class='ocrx_word' id='word_1_234' title='bbox 2225 3818 2543 3887; x_wconf 85' lang='lat' dir='ltr'>redeunt</span> 
     </span>
     <span class='ocr_line' id='line_1_35' title="bbox 351 3916 2538 4015; baseline -0.002 -24"><span class='ocrx_word' id='word_1_235' title='bbox 351 3919 752 3992; x_wconf 88' lang='lat' dir='ltr'>civitatem.</span> <span class='ocrx_word' id='word_1_236' title='bbox 857 3919 1066 3989; x_wconf 89' lang='lat' dir='ltr'>Hanc</span> <span class='ocrx_word' id='word_1_237' title='bbox 1103 3918 1327 4015; x_wconf 81' lang='lat' dir='ltr'>igitur</span> <span class='ocrx_word' id='word_1_238' title='bbox 1360 3928 1649 3991; x_wconf 84' lang='lat' dir='ltr'>tantam</span> <span class='ocrx_word' id='word_1_239' title='bbox 1690 3928 1767 3989; x_wconf 91' lang='lat' dir='ltr'>et</span> <span class='ocrx_word' id='word_1_240' title='bbox 1802 3928 1957 3989; x_wconf 87' lang='lat' dir='ltr'>tam</span> <span class='ocrx_word' id='word_1_241' title='bbox 1994 3940 2305 4013; x_wconf 81' lang='lat' dir='ltr'>gravem</span> <span class='ocrx_word' id='word_1_242' title='bbox 2347 3916 2538 3994; x_wconf 82' lang='lat' dir='ltr'>chri-</span> 
     </span>
     <span class='ocr_line' id='line_1_36' title="bbox 349 4016 2536 4110; baseline -0.002 -17"><span class='ocrx_word' id='word_1_243' title='bbox 349 4020 764 4093; x_wconf 86' lang='lat' dir='ltr'>stianorum</span> <span class='ocrx_word' id='word_1_244' title='bbox 819 4018 1164 4091; x_wconf 87' lang='lat' dir='ltr'>iniuriam</span> <span class='ocrx_word' id='word_1_245' title='bbox 1221 4029 1293 4091; x_wconf 88' lang='lat' dir='ltr'>et</span> <span class='ocrx_word' id='word_1_246' title='bbox 1328 4020 1673 4092; x_wconf 86' lang='lat' dir='ltr'>Damiate</span> <span class='ocrx_word' id='word_1_247' title='bbox 1710 4018 2309 4110; x_wconf 87' lang='lat' dir='ltr'>ammissionem,</span> <span class='ocrx_word' id='word_1_248' title='bbox 2364 4016 2536 4088; x_wconf 88' lang='lat' dir='ltr'>duxi</span> 
     </span>
     <span class='ocr_line' id='line_1_37' title="bbox 347 4118 2535 4218; baseline -0.002 -25"><span class='ocrx_word' id='word_1_249' title='bbox 347 4146 490 4218; x_wconf 83' lang='lat' dir='ltr'>ego</span> <span class='ocrx_word' id='word_1_250' title='bbox 531 4120 865 4193; x_wconf 87' lang='lat' dir='ltr'>notarius</span> <span class='ocrx_word' id='word_1_251' title='bbox 905 4120 1330 4214; x_wconf 86' lang='lat' dir='ltr'>Ryccardus</span> <span class='ocrx_word' id='word_1_252' title='bbox 1384 4121 1605 4193; x_wconf 88' lang='lat' dir='ltr'>huius</span> <span class='ocrx_word' id='word_1_253' title='bbox 1656 4118 1908 4216; x_wconf 86' lang='lat' dir='ltr'>operis</span> <span class='ocrx_word' id='word_1_254' title='bbox 1948 4128 2157 4191; x_wconf 85' lang='lat' dir='ltr'>actor</span> <span class='ocrx_word' id='word_1_255' title='bbox 2192 4118 2535 4191; x_wconf 86' lang='lat' dir='ltr'>rithmice</span> 
     </span>
    </p>
   </div>
   <div class='ocr_carea' id='block_1_3' title="bbox 343 4223 919 4318">
    <p class='ocr_par' dir='ltr' id='par_1_6' title="bbox 343 4223 919 4318">
     <span class='ocr_line' id='line_1_38' title="bbox 343 4223 919 4318; baseline -0.002 -25"><span class='ocrx_word' id='word_1_256' title='bbox 343 4223 919 4318; x_wconf 88' lang='lat' dir='ltr'>deplorandam:</span> 
     </span>
    </p>
   </div>
  </div>
 </body>
</html>
