3050 4900
507 483 652 553 140
905 473 1474 549 RYCCARDUS
1527 475 1652 547 DE
1706 474 1779 547 S.
1836 472 2297 547 GERMANO

500 678 850 751 fratribus
881 676 1411 771 vicedecanus,
1444 676 1671 765 frater
1698 673 2211 771 Seniorectus,
2242 673 2475 745 frater
2505 672 2696 747 Rob-

503 784 760 852 bertus
815 781 906 850 de
948 778 1119 873 Ota,
1173 777 1404 848 frater
1437 775 1815 847 Iohannes
1856 773 2202 871 Cazolus,
2254 774 2485 847 frater
2522 773 2691 845 Gui-

499 879 798 952 lielmus
837 880 928 951 de
984 876 1425 973 PignatarO,
1491 877 1724 947 frater
1779 876 2154 948 Iohannes
2211 878 2303 947 de
2358 875 2687 946 Marocta

502 989 578 1054 et
628 981 860 1053 frater
909 978 1289 1050 Mattheus
1344 979 1434 1048 de
1489 976 1839 1050 Miniano.
1944 977 2181 1048 Rome
2234 978 2428 1072 apud
2478 975 2692 1047 Late-

500 1104 769 1153 ranum
808 1077 985 1151 obiit
1021 1079 1104 1150 R.
1120 1075 1180 1123 ⁵4
1219 1076 1622 1190 episcopus
1661 1076 2153 1149 VenafranuS.
2237 1099 2246 1110 ·

512 1224 518 1229 ·
651 1182 934 1255 Eodem
976 1202 1243 1251 mense
1282 1176 1441 1250 Iulii
1479 1178 1887 1275 imperator
1925 1201 2097 1248 cum
2136 1200 2274 1249 suo
2315 1175 2691 1247 fortunato

502 1305 682 1353 exer
687 1279 832 1352 citu
857 1280 1054 1378 cepit
1071 1279 1144 1349 in
1168 1278 1605 1391 episcopatu
1629 1276 2087 1350 Bononiensi
2110 1286 2441 1349 castrum
2464 1278 2693 1372 quod-

501 1384 673 1453 dam
728 1380 1038 1471 fossatis
1097 1390 1172 1451 et
1227 1378 1439 1475 aquis
1488 1378 1903 1492 munitum,
1978 1378 2171 1474 quod
2228 1374 2692 1449 Plumacium

499 1484 934 1575 vocabatur,
973 1464 1168 1577 quod
1205 1489 1446 1551 totum
1484 1478 1661 1575 igne
1702 1487 2119 1549 crematum
2158 1487 2299 1572 est,
2356 1486 2430 1548 et
2468 1500 2693 1573 quam

498 1583 755 1681 plures
807 1605 1071 1652 eorum
1127 1579 1252 1677 qui
1287 1578 1486 1652 intus
1528 1589 1896 1652 steterant
1931 1577 2295 1651 cremavit
2330 1575 2564 1673 ignis,
2621 1586 2697 1649 et

500 1684 660 1756 fere
713 1682 1100 1794 quingenti
1144 1680 1274 1778 qui
1333 1688 1743 1753 evaserunt
1794 1679 1989 1775 ignis
2036 1678 2505 1772 incendium,
2559 1676 2693 1748 im-

498 1793 804 1882 perator
859 1781 1064 1854 duxit
1116 1781 1472 1892 captivos.
1559 1781 1795 1852 Rome
1835 1778 2143 1852 occidit‘
2179 1777 2402 1852 turris
2443 1779 2696 1852 Carto-

500 1883 928 1956 lariorumb.

653 1982 918 2054 Mense
966 1980 1283 2077 Augusti
1339 2003 1470 2053 rex
1507 1980 1840 2052 Navarre
1896 2003 2065 2051 cum
2120 1978 2426 2077 copioso
2470 2001 2691 2049 cruce

503 2084 974 2196 signatorum
1021 2082 1346 2154 exercitu
1406 2085 1498 2154 de
1549 2080 1873 2153 Marsilia
1913 2080 1986 2151 in
2025 2090 2307 2153 terram
2349 2089 2689 2151 sanctam

503 2183 802 2281 navigio
842 2183 1296 2255 transfretat.

651 2284 836 2357 Item
874 2284 1286 2397 imperator
1321 2282 1487 2380 ipso
1527 2306 1795 2355 mense
1822 2278 2199 2377 Augusti
2181 2304 2254 2350 in
2296 2278 2543 2375 vigilia
2577 2302 2693 2351 as-

504 2384 953 2499 sumptionis
1004 2388 1223 2458 beate
1261 2382 1583 2479 Virginis
1636 2382 1710 2454 in
1759 2381 2198 2481 episcopatu
2234 2378 2695 2453 Bononiensi

503 2486 702 2583 cepit
739 2495 1072 2558 castrum
1111 2488 1304 2582 quod
1345 2485 1729 2556 dicebatur
1757 2485 2243 2597 Crepacore⁶,
2282 2484 2477 2580 quod
2515 2481 2691 2577 igne

504 2596 921 2658 crematum
963 2596 1112 2680 est·
1155 2596 1231 2657 et
1266 2583 1603 2656 nonnulli
1641 2608 1901 2656 eorum
1942 2585 2065 2688 qui
2098 2581 2297 2656 intus
2329 2592 2695 2655 steterant

505 2697 935 2781 evaserunt,
992 2695 1068 2758 et
1103 2710 1236 2783 pro
1279 2684 1538 2758 maiori
1580 2696 1790 2783 parte
1831 2695 2003 2758 sunt
2042 2683 2238 2756 ducti
2280 2682 2572 2781 captivi.

647 2789 852 2886 Aput
877 2787 1294 2883 Anagniam
1325 2786 1655 2858 Thomas
1688 2788 2089 2884 Capuanus
2112 2785 2391 2858 Sancte
2418 2781 2693 2857 Sabine

505 2893 904 2987 presbyter
941 2887 1338 2960 cardinalis
1383 2891 1496 2963 15.
1534 2886 1694 2961 Kal.
1732 2885 2199 2985 Septembris
2238 2884 2435 2958 obiit.
2518 2885 2695 2956 Ver-

508 2991 722 3062 sus⁶:

705 3089 790 3160 In
823 3091 1007 3172 festo
1047 3087 1298 3182 Mayni
1355 3089 1613 3173 festum
1658 3086 1965 3159 Thomas
1996 3089 2183 3179 perit
2216 3083 2416 3181 Aym'.

707 3187 1044 3260 Donatur
1080 3187 1350 3281 Mayno
1389 3210 1566 3259 caro
1606 3187 1961 3281 marcida,
1998 3188 2291 3280 spiritus
2326 3184 2549 3280 Ayno.

663 3290 947 3363 Eodem
1002 3311 1272 3360 mense
1326 3287 1647 3384 Augusti
1693 3287 2062 3360 Henricus
2114 3289 2204 3359 de
2240 3285 2489 3357 Morro
2540 3307 2695 3354 ma-

505 3389 746 3504 gister
794 3387 1229 3460 iustitiarius
1289 3399 1596 3461 vocatus
1650 3393 1739 3462 ab
1778 3389 2260 3486 imperatore,
2316 3388 2404 3458 ad
2443 3383 2693 3482 ipsum

504 3491 578 3562 in
615 3487 1141 3561 Lombardiam
1180 3513 1316 3586 per
1351 3512 1563 3562 mare
1601 3488 1821 3561 vadit
1919 3491 2337 3600 Imperator
2385 3508 2694 3557 revoca-

502 3602 624 3664 tus
679 3615 721 3661 a
777 3588 1197 3662 civitatibus
1255 3600 1331 3662 et
1378 3589 1857 3702 magnatibus
1905 3585 2349 3679 Lombardie
2400 3595 2695 3684 partem

507 3715 723 3764 suam
780 3689 1228 3776 foventibus
1283 3689 1584 3763 divertit
1635 3694 1727 3762 ab
1778 3689 2213 3787 episcopatu
2257 3697 2333 3760 et
2368 3690 2697 3799 depopu-

503 3791 784 3863 latione
813 3791 1176 3887 Bononie,
1217 3802 1292 3863 et
1327 3795 1416 3864 ad
1458 3790 2115 3887 depopulandum
2096 3815 2167 3861 in
2202 3785 2693 3862 exterioribus

503 3891 1010 3966 Mediolanum
1061 3890 1385 3986 accedit·
1443 3892 1561 3963 cui
1612 3890 2216 3964 Mediolanenses
2274 3898 2482 3960 extra
2522 3885 2695 3958 civi-

502 4002 740 4066 tatem
795 4017 932 4090 per
983 4002 1150 4065 octo
1206 3993 1365 4064 fere
1424 3991 1765 4064 milliaria
1825 3991 2083 4065 obvios
2143 4015 2227 4064 se
2284 3995 2695 4086 opponunt.

506 4166 554 4238 a)
574 4169 650 4220 ita
669 4182 749 4232 c.;
779 4165 976 4220 cecidit
993 4167 1112 4220 edd.
1225 4165 1279 4236 b)
1301 4159 1548 4218 Gai-tola?
1566 4180 1614 4220 c.
1731 4165 1779 4234 c)
1803 4161 2075 4234 Crepaco?
2096 4179 2140 4217 c.
2248 4161 2299 4233 d)
2320 4164 2376 4214 in
2394 4161 2628 4228 maryine
2648 4173 2696 4210 c.

507 4309 610 4392 54)
659 4329 892 4371 nomen
935 4307 1283 4390 ignoratur.
