3050 4900
1250 466 1330 535 A.
1394 466 1606 539 1232.
2386 462 2527 535 115

489 665 693 739 Idem
710 663 806 737 ⁵¹:
871 665 1504 738 instrumentorum
1553 662 1779 737 robur
1828 670 1893 735 et
1941 662 2529 757 sollempnitatem

346 773 708 860 auqcntes⁷
765 773 844 837 ut
891 765 980 837 cle
1023 768 1340 858 ipsorum
1384 764 1524 851 fide
1576 762 1771 835 nulla
1827 766 1900 834 in
1923 768 2295 859 posterum
2334 762 2532 835 dubi-

339 870 518 941 tatio
568 869 799 959 possit
851 868 1048 959 oriri,
1103 868 1507 957 statuimus,
1560 866 1625 937 si
1670 866 2039 959 quantitas
2091 864 2331 959 quein
2366 886 2532 935 con·

347 972 584 1039 tractu
635 966 1006 1038 deducitur
1057 967 1256 1049 infra
1307 964 1567 1037 libram
1614 966 1780 1035 auri
1813 964 2161 1037 subsistat
2192 962 2279 1037 de
2314 962 2535 1037 mobi-

339 1066 520 1139 libus
547 1073 616 1137 et
643 1065 1116 1139 immobilibus
1144 1066 1376 1157 rebus,
1417 1070 1545 1137 aut
1570 1064 1991 1159 quibuslibet
2020 1066 2305 1156 causis,
2324 1066 2395 1137 in
2432 1065 2533 1135 in-

339 1172 731 1245 strumento
795 1165 940 1237 duo
999 1172 1208 1239 testes
1257 1166 1435 1238 bone
1491 1171 1558 1237 et
1604 1166 1910 1257 probate
1963 1166 2315 1259 opinionis
2368 1163 2532 1238 sub-

345 1266 672 1339 scribant
710 1272 948 1360 preter
997 1266 1295 1337 iudicem
1353 1272 1418 1338 et
1472 1268 1877 1356 notarium5
1940 1266 2003 1337 si
2056 1288 2223 1339 vero
2271 1263 2532 1338 libram

346 1368 509 1437 auri
541 1367 863 1458 excedat,
919 1372 1061 1437 tres
1115 1371 1326 1437 testes
1378 1365 1685 1458 probate
1734 1365 1901 1453 fidei
1940 1371 2184 1461 preter
2226 1362 2531 1439 iudicem

347 1472 415 1537 et
447 1470 832 1561 notarium,
888 1473 964 1537 ut
1001 1473 1106 1538 est
1141 1466 1426 1558 dictum,
1481 1467 1551 1536 in
1590 1465 1837 1539 eodem
1871 1466 2337 1539 instrumento
2370 1464 2533 1539 sub·-

340 1566 699 1656 scribant5
769 1568 888 1661 qui
943 1564 1229 1656 debent,
1298 1571 1374 1635 ut
1426 1563 1687 1636 dictum
1740 1570 1876 1656 est,
1948 1588 2099 1637 esse
2160 1566 2357 1637 omni
2414 1588 2535 1635 ezc-

215 1744 222 1749 ,
341 1667 658 1758 ceptione
710 1667 1047 1758 maiores,
1103 1670 1169 1737 et
1217 1666 1509 1737 scientes
1546 1664 1822 1737 litteras
1856 1667 1929 1735 in
1964 1666 2139 1737 locis
2175 1667 2247 1736 in
2282 1665 2536 1760 quibus

341 1767 638 1837 litterati
685 1770 1020 1858 poterunt
1073 1766 1386 1836 inveniri.
1483 1762 1807 1859 Alioquin
1872 1766 1997 1836 alii
2055 1767 2269 1837 etiam
2332 1788 2536 1837 assu-

344 1872 656 1937 mantur.
731 1866 1000 1937 Contra
1025 1864 1424 1959 predictam
1455 1871 1689 1937 autem
1718 1867 2036 1948 formam
2064 1866 2535 1937 instrumenta

345 1968 672 2051 confecta
709 1967 780 2037 in
806 1972 1176 2059 posterum
1215 1965 1484 2037 nullam
1521 1964 1839 2037 habeant
1869 1967 2299 2052 firmitatem.
2395 1965 2533 2038 Illa

345 2067 686 2137 tenaciter
724 2062 1198 2156 observando,
1253 2071 1329 2135 ut
1381 2066 1452 2134 in
1503 2063 1743 2159 aliquo
1794 2064 2113 2137 locorum
2150 2066 2379 2139 nostri
2415 2065 2533 2137 de-

348 2166 573 2236 manii
621 2163 858 2235 clerici
901 2166 1399 2257 cuiuscumque
1445 2163 1755 2257 ordinis,
1824 2163 2092 2237 iudices
2150 2171 2217 2236 et
2267 2167 2537 2237 notarii

346 2265 750 2336 nullatenus
788 2270 1275 2343 assumantur.

495 2364 758 2437 Mense
788 2363 1026 2435 Martii
1054 2362 1464 2461 imperator
1489 2386 1535 2435 a
1563 2362 1979 2437 Ravenna
1961 2389 2032 2435 in
2062 2362 2533 2463 Aquilegiam
2661 2355 2675 2361 ’

349 2489 484 2562 per
519 2487 730 2538 maie
766 2465 988 2539 vadit.
1043 2465 1165 2537 ubi
1214 2464 1445 2540 filium
1487 2490 1707 2539 suum
1746 2466 2153 2539 Henricum
2189 2466 2535 2539 Alaman-

351 2565 470 2638 nie
508 2589 770 2662 regem
811 2576 1206 2638 venturum
1247 2575 1617 2664 expectat.

501 2665 807 2737 Munitio
859 2676 1059 2738 terre
1113 2665 1386 2738 Sancti
1419 2665 1777 2739 Germani
1824 2676 1901 2738 ut
1939 2667 2154 2740 citius
2191 2665 2347 2762 fiat,
2400 2689 2537 2764 per

352 2764 774 2862 Philippum
838 2769 928 2839 de
986 2765 1185 2840 Citro
1251 2789 1422 2838 cum
1485 2765 1795 2838 consilio
1857 2766 2271 2838 iuratorum
2335 2777 2536 2838 terre

353 2866 694 2939 eiusdem
750 2889 886 2962 per
931 2866 1279 2938 homines
1334 2876 1535 2938 terre
1588 2867 2025 2939 monasterii
2061 2866 2538 2940 distribuitur.

499 2965 1024 3063 Inquisitiones
1065 2968 1155 3038 ab
1195 2967 1787 3064 archiepiscopis
1826 2965 2013 3040 fiunt
2048 2971 2141 3040 de
2170 2967 2539 3063 suffraga-

353 3067 516 3140 neis
575 3067 981 3180 episcopis,
1035 3091 1232 3165 papa
1285 3069 1719 3164 mandante⁷
1772 3078 1849 3140 et
1898 3071 1991 3142 ab
2030 3067 2407 3168 episcopis
2446 3070 2537 3140 de

355 3167 646 3240 clericis
705 3168 904 3263 suiS‚
961 3168 1022 3240 si
1075 3179 1282 3241 caste
1332 3168 1591 3240 vivunt
1644 3180 1717 3240 et
1769 3169 2277 3265 continenter,
2332 3179 2411 3242 et
2460 3178 2540 3240 ut

356 3278 662 3340 cessent
699 3291 1008 3364 prorsus
1049 3293 1091 3339 a
1131 3269 1681 3342 cohabitatione
1720 3270 2141 3342 111ulie1·.um

505 3368 790 3439 Domus
845 3370 1166 3463 quedam
1217 3369 1290 3440 in
1339 3369 1645 3444 Coraria
1696 3380 1769 3442 et
1803 3371 2011 3444 Valle
2046 3371 2542 3465 redimuntur,

359 3478 438 3540 ut
475 3491 618 3540 non
658 3467 1070 3563 diruantur,
1115 3479 1336 3566 prout
1372 3479 1741 3544 statuerat
1770 3469 2205 3584 imperator,
2261 3481 2335 3543 et
2370 3473 2542 3546 date

359 3576 534 3642 sunt
585 3567 923 3682 Philippo
975 3570 1066 3642 de
1122 3567 1322 3644 Citro
1383 3569 1603 3644 uncie
1666 3571 1825 3644 auri
1880 3575 2067 3666 200,
2120 3575 2211 3645 de
2274 3571 2541 3669 quibus

357 3678 648 3767 partem
704 3669 910 3744 misit
959 3693 1093 3768 pro
1159 3670 1413 3745 solidis
1477 3671 1981 3745 obsidentium
2037 3673 2543 3764 Introduc-um,

359 3780 434 3842 et
472 3780 762 3867 partem
799 3770 1166 3868 leliquam
1203 3771 1408 3844 curie
1443 3771 1810 3870 imperiali
1850 3772 2241 3868 persolvit.

507 3870 877 3945 Soldanus
906 3872 1261 3946 Damasci
1294 3873 1625 3968 pretiosa
1662 3872 1883 3944 mittit
1918 3872 2185 3946 exenia
2224 3872 2543 3970 impera·

356 3970 495 4042 tori
525 3995 660 4068 per
689 3974 1056 4068 quosdam
1085 3973 1386 4048 nuntios
1415 3997 1599 4048 suos
1638 3972 1711 4046 in
1740 3972 2083 4071 Apuliam
2121 3972 2541 4046 venientes.

511 4073 771 4144 Mense
823 4071 1094 4168 Aprilis
1147 4074 1476 4146 Thomas
1531 4075 1979 4148 Acerrarum
2034 4097 2294 4149 comes
2346 4075 2539 4171 apud

359 4171 720 4244 Sanctum
754 4172 1003 4244 Vitum
1056 4175 1146 4246 de
1201 4174 1422 4247 Melfa
1461 4179 1825 4250 baronum
1864 4185 1941 4248 et
1976 4174 2295 4249 militum
2334 4199 2543 4248 exer-

360 4288 462 4370 51)
513 4289 553 4354 1.
601 4291 654 4362 1,
703 4290 792 4354 m.
833 4290 934 4354 82.
