3050 4900
543 468 634 538 10
932 462 1502 537 RYCCARDUS
1553 461 1675 534 DE
1729 461 1801 534 S.
1859 460 2319 534 GERMANO
2394 549 2404 554 ᾖ

534 664 726 762 ipsc,
766 663 941 736 abiit
978 685 1296 735 securus
1332 686 1478 759 quo
1516 663 1769 734 voluit.
1842 663 2049 734 Tunc
2088 662 2313 734 etiam
2352 662 2721 733 Aversam

534 764 834 861 recipit,
897 764 1235 836 Teanum
1303 775 1378 835 et
1439 763 1801 837 Sanctum
1854 762 2315 836 Germanum
2372 765 2463 834 ad
2518 762 2721 858 regis

534 865 705 937 dicti
758 863 1237 959 fidelitatem3
1295 874 1370 936 et
1420 863 1777 939 Casinum
1832 864 2389 957 conscendens,
2442 863 2723 934 vallum

534 965 972 1037 monasterii
1028 966 1230 1036 nullo
1283 967 1629 1037 obstante
1678 963 1994 1038 intravit.
2067 963 2416 1050 Quicum
2456 963 2723 1036 blande

534 1066 720 1139 satis
768 1066 1276 1161 alloqueretur
1308 1065 1760 1138 Adenulfum
1800 1066 2297 1138 casertanum
2352 1067 2723 1156 decanum

535 1167 1059 1259 casinensem,
1121 1176 1195 1238 ut
1247 1166 1454 1237 illum
1493 1169 1583 1238 ad
1623 1165 1793 1237 dicti
1833 1165 2040 1261 regis
2075 1164 2510 1236 fidelitatem
2552 1187 2723 1236 con·-

534 1277 889 1360 verteret,
945 1277 1018 1338 et
1069 1268 1211 1338 hoc
1264 1271 1354 1340 ab
1399 1290 1488 1338 eo
1525 1266 1875 1364 precibus
1914 1265 2256 1363 optinere
2296 1276 2369 1340 et
2407 1265 2724 1362 promis·
2784 1319 2789 1324 -

447 1407 480 1434 s
536 1369 641 1440 sis
673 1391 818 1440 non
851 1376 1138 1464 posset,
1169 1370 1262 1438 de
1292 1367 1455 1439 loco
1487 1366 1878 1440 descendit
1906 1378 1978 1440 et
2008 1366 2203 1439 abiit.
2259 1367 2469 1438 Tunc
2498 1364 2724 1438 comi-

535 1480 688 1540 tem
728 1466 995 1539 Molisii
1035 1467 1321 1565 recipit,
1362 1479 1436 1540 et
1473 1491 1765 1565 ponens
1804 1467 1877 1538 in
1919 1467 2195 1541 Sancto
2232 1467 2611 1539 Germano
2652 1474 2727 1537 et

534 1571 605 1640 in
647 1568 924 1641 Sancto
961 1569 1252 1664 Angelo
1291 1569 1713 1641 Theodice³
1761 1565 2307 1664 masnedamss,
2361 1577 2722 1664 quantum

536 1679 784 1768 potest
835 1692 969 1765 pro
1027 1668 1197 1740 dicti
1253 1670 1456 1764 regis
1512 1669 1779 1742 sororii
1836 1669 1950 1740 sui
2008 1669 2317 1740 servitio
2370 1669 2723 1740 elaborat.

535 1771 744 1842 Tunc
780 1768 1207 1863 Ryccardus
1246 1770 1647 1841 Fundanus
1698 1792 1984 1864 comes7
2041 1793 2173 1864 pro
2232 1793 2323 1840 eo
2382 1772 2573 1865 quod
2632 1770 2723 1839 ab

536 1871 991 1968 imperatore
1029 1870 1192 1966 ipso
1230 1869 1597 1941 Suessam
1639 1880 1930 1941 emerat
1967 1879 2041 1940 et
2069 1869 2435 1963 Teanum,
2474 1878 2723 1940 metus

541 1996 768 2044 causa
829 1969 1184 2042 comitatu
1240 1969 1498 2042 relicto
1556 1970 1626 2041 in
1684 1969 2174 2067 Campaniam
2232 1969 2594 2063 secessit,
2650 1976 2728 2038 et

539 2073 937 2144 comitatus
975 2072 1375 2143 Fundanus
1416 2069 1709 2142 cuidam
1751 2071 1952 2143 fratri
1987 2070 2341 2167 Alygerni
2379 2067 2724 2146 Cotronis

535 2177 628 2246 de
665 2171 996 2270 Neapoly
1037 2175 1127 2242 ab
1166 2171 1328 2269 ipso
1369 2195 1553 2268 rege
1592 2172 2044 2244 conceditur.
2133 2172 2546 2244 Adenulfus
2585 2171 2727 2240 Ca-

537 2284 887 2348 sertanus
925 2275 1256 2344 decanus
1297 2273 1734 2346 Casinensis
1783 2296 1919 2368 pro
1956 2297 2049 2344 eo
2086 2275 2280 2370 quod
2319 2271 2391 2344 in
2431 2283 2725 2371 partem

541 2400 688 2447 non
753 2373 985 2445 cessit
1036 2371 1274 2470 ipsius
1334 2373 1573 2469 regis,
1647 2398 1686 2444 a
1744 2373 2125 2446 Celestino
2177 2397 2373 2470 papa
2430 2395 2727 2444 excom-

541 2475 962 2549 municatus
1021 2484 1176 2567 est,
1251 2483 1326 2544 et
1379 2473 1927 2545 monasterium
1980 2474 2453 2571 suppositum
2502 2473 2728 2544 inter-

539 2577 757 2649 dicto.
823 2572 1270 2647 Salernitani
1312 2576 1402 2645 ad
1444 2576 1894 2687 captandam
1924 2574 2287 2645 Tancredi
2330 2573 2529 2669 regis
2557 2596 2726 2669 gra-

537 2677 718 2749 tiam
781 2678 1161 2747 detentam
1226 2673 1783 2787 imperatricem
1848 2674 1991 2772 ipsi
2055 2676 2218 2771 regi
2268 2674 2342 2746 in
2396 2673 2723 2746 Siciliam

538 2776 864 2873 mittunt
904 2799 1126 2873 quam
1164 2800 1294 2847 rex
1326 2776 1489 2873 ipse
1529 2775 1775 2848 debito
1807 2800 1977 2848 cum
2009 2776 2295 2848 honore
2323 2775 2727 2873 recipiens,

539 2877 838 2975 magnis
895 2887 1238 2949 ornatam
1295 2876 1731 2951 muneribus
1785 2876 1856 2948 in
1895 2876 2421 2949 Alamanniam
2462 2879 2552 2948 ad
2592 2876 2727 2948 im·

536 2990 967 3077 peratorem
1025 2977 1354 3049 remittit.
1442 2979 1549 3049 Eo
1602 3000 1797 3048 anno
1856 2977 2157 3074 quidam
2208 2977 2729 3075 Stultuspaga-

538 3082 723 3152 nusb
787 3078 1134 3151 dominus
1185 3077 1595 3151 Caselverii
1650 3078 2143 3150 Teutonicum
2204 3080 2579 3174 quendam
2634 3080 2727 3149 ab

537 3181 994 3277 imperatore
1031 3178 1104 3249 in
1133 3178 1352 3249 Atino
1390 3177 1733 3250 relictum
1774 3179 1939 3253 dolo
1976 3176 2349 3274 interficit,
2389 3188 2467 3251 et
2501 3204 2543 3251 a
2577 3177 2728 3249 iam

540 3281 732 3353 dicto
791 3303 975 3375 rege
1027 3281 1223 3377 apud
1278 3277 1583 3351 Atinum
1638 3278 1941 3376 quidam
1994 3279 2415 3377 Roggerius
2468 3282 2559 3352 de
2598 3280 2729 3351 Fo-

541 3392 744 3454 resta
783 3379 1140 3476 dirigitur.

1511 3502 1759 3593 1192.

691 3640 950 3713 Dictus
985 3637 1400 3712 Adenulfus
1440 3638 1879 3713 Casinensis
1924 3642 2255 3713 decanus
2295 3642 2489 3715 facta
2531 3660 2730 3711 com-

471 3741 914 3854 positione
971 3763 1140 3811 cum
1192 3740 1580 3837 Dyopuldo
1620 3764 1839 3813 rocce
1877 3741 2090 3816 Arois
2132 3742 2571 3835 castellano,
2607 3735 2733 3837 qui

548 3867 632 3916 se
687 3866 822 3939 pro
876 3841 1332 3938 imperatore
1383 3845 1735 3937 gerebat,
1792 3853 2252 3939 congregato
2307 3839 2605 3918 militari
2658 3848 2735 3911 et

339 3960 420 3994 ¹¹¹¹·
412 3960 484 3994 ¹¹⁸
461 3960 517 3995 ⁸⁸
546 3942 875 4041 pedestii
915 3941 1245 4014 exercitu
1283 3942 1355 4013 in
1395 3942 1916 4041 Campaniam,
1972 3967 2159 4041 quos
2196 3967 2424 4042 prece
2462 3940 2735 4052 pretio-

331 4015 694 4142 '‘rqssf‘que
761 4045 1256 4139 conduxerat.
1327 4044 1419 4114 de
1486 4044 1759 4117 Casino
1825 4047 2339 4141 descendens.
2400 4042 2470 4113 vi
2537 4040 2735 4138 cepit

545 4184 598 4249 a)
639 4180 854 4237 theadi&
892 4197 939 4234 c.
1089 4182 1141 4253 b)
1180 4178 1390 4241 Stultus
1429 4196 1667 4249 paganus
1704 4198 1751 4233 c.

549 4288 648 4371 14)
697 4288 1020 4365 familiam,
1069 4288 1428 4353 exercitum.
