3050 4900
771 457 1338 534 RYCCARDUS
1393 457 1514 530 DE
1571 457 1641 529 S.
1698 455 2184 530 GERMANO.
2528 459 2570 530 3

391 659 688 759 placare
728 661 1158 754 Dominum,
1214 670 1291 730 ut
1340 660 1738 730 fecundam
1780 661 2126 731 redderet
2163 683 2385 756 quam
2430 667 2574 728 ste-

392 760 608 834 rilem
657 761 966 850 fecerat,
1023 759 1380 855 cogitavit
1431 763 1522 832 de
1578 761 1955 834 thesauiis
2014 761 2169 834 suis
2226 759 2575 834 edificare

393 861 530 934 sibi
586 864 890 933 domum
948 863 1014 931 in
1055 862 1308 932 Monte
1347 860 1659 956 regali¹2
1714 865 1802 934 ad
1846 863 2206 936 honorem
2244 862 2577 959 gloriose

390 962 716 1058 Virginis
771 962 1030 1032 mattis
1081 963 1267 1056 eius,
1325 986 1549 1058 quam
1590 962 1845 1034 ditavit
1884 956 2207 1076 compsit
2244 975 2317 1034 et
2355 962 2579 1034 auxit.

393 1062 671 1134 Ditavit
723 1064 1371 1159 possessionibus
1429 1063 1751 1160 compsit
1804 1064 1965 1135 auri
2018 1075 2325 1160 ornatu
2380 1063 2584 1134 auxit

395 1175 470 1235 et
500 1163 795 1235 musivo
832 1188 1063 1260 opere
1113 1164 1598 1262 lapidumque
1650 1166 2149 1260 pretiosorum
2190 1165 2440 1236 colore
2479 1163 2580 1236 di-

396 1287 660 1358 vers0‚
713 1273 788 1335 et
833 1264 1063 1336 talem
1121 1268 1209 1336 ad
1262 1263 1493 1336 finem
1545 1289 1784 1362 usque
1843 1265 2220 1364 produxit,
2281 1264 2577 1364 qualem

397 1365 646 1436 nullus
703 1389 970 1461 regum
1027 1376 1152 1436 aut
1209 1365 1624 1462 principum
1682 1367 1755 1437 in
1794 1377 1949 1439 toto
1990 1377 2358 1438 terrarum
2403 1367 2581 1436 orbe

399 1466 811 1537 construxit
855 1466 1322 1564 temporibus
1380 1466 1678 1538 nostris.
1778 1469 2011 1540 Erant
2062 1468 2201 1566 ipsi
2240 1467 2399 1564 regi
2440 1469 2584 1538 duo

399 1566 806 1638 familiares
866 1567 1224 1664 precipui7
1280 1591 1509 1663 opere
1564 1572 1755 1665 apud
1812 1571 2059 1667 ipsum
2119 1581 2193 1641 et
2232 1591 2585 1640 sermone

400 1676 793 1764 potentes7
873 1668 1300 1740 Gualterius
1363 1667 1651 1740 scilicet
1712 1670 2283 1742 panormitanus
2350 1669 2587 1741 archi-

403 1767 833 1865 episcopus,
889 1779 962 1839 et
1011 1770 1356 1842 Matheus
1406 1769 1900 1843 cancellarius
1951 1771 2165 1867 regni
2211 1769 2352 1865 sui
2409 1792 2585 1866 quo-

403 1892 568 1938 rum
600 1871 989 1966 prudentia
1024 1880 1095 1941 et
1127 1869 1436 1942 consilio
1465 1881 1621 1942 tota
1652 1870 1891 1970 ipsius
1924 1873 2123 1944 curia
2158 1874 2588 1944 ducebatur.

403 1968 562 2042 Hiis
619 1972 945 2064 duobus,
1016 1971 1230 2066 quasi
1286 1974 1573 2044 duabus
1631 1973 2049 2070 columpnis
2105 1971 2589 2064 firmissimis.

405 2093 673 2141 omnes
707 2071 917 2166 regni
950 2082 1368 2184 magnates·
1379 2075 1866 2169 obsequendo
1898 2076 2379 2166 adheserant
2419 2043 2589 2143 cuni

405 2195 542 2266 per
580 2195 710 2242 eos
751 2171 1091 2266 quicquid
1135 2198 1173 2242 a
1216 2173 1416 2243 curia
1457 2173 1664 2268 regia
1720 2183 2065 2269 peterent
2118 2174 2404 2245 facilius
2458 2173 2593 2244 im-

407 2280 809 2368 petrarent.
917 2272 1106 2342 Hinc
1155 2273 1432 2344 factum
1496 2284 1636 2369 est,
1690 2273 1855 2371 ipso
1916 2274 2362 2346 cancellario
2423 2297 2591 2344 sua·

406 2375 656 2467 dente7
695 2381 775 2442 ut
812 2396 941 2443 rex
980 2373 1142 2470 ipse
1181 2373 1252 2443 in
1295 2374 1624 2471 predicta
1668 2376 1988 2447 ecclesia
2022 2378 2236 2447 beate
2267 2373 2591 2470 Virginis

406 2474 479 2545 in
533 2473 836 2566 dyocesi
876 2474 1402 2546 panormitana
1454 2487 1909 2572 constructa,
1964 2476 2123 2549 fieri
2175 2503 2213 2548 a
2255 2478 2589 2547 Romana

410 2574 731 2646 ecclesia
772 2575 1425 2673 archiepiscopum
1463 2578 1921 2674 impetraret.
1993 2578 2206 2664 Quod
2246 2578 2441 2649 idem
2484 2600 2596 2647 ar-

410 2675 934 2773 chiepiscopus
976 2681 1064 2748 ad
1104 2677 1539 2749 instinctum
1576 2678 1812 2775 ipsius
1855 2679 2277 2750 cancellarii
2314 2680 2593 2748 factum

409 2776 838 2873 intelligens
904 2818 994 2830 —
1055 2803 1226 2848 nam
1296 2778 1462 2848 odio
1531 2804 1613 2851 se
1670 2781 2048 2851 habebant
2102 2782 2189 2849 ad
2246 2779 2596 2870 invicem.J

411 2902 867 2975 quamquam
909 2901 992 2950 se
1031 2878 1104 2948 in
1145 2878 1438 2974 publico
1477 2878 1787 2974 diligere
1827 2880 2279 2971 viderentur,
2337 2890 2410 2950 et
2466 2902 2600 2974 per

412 2978 763 3050 invidiam
784 2980 1268 3050 detrahentes
1285 2980 1606 3050 libenter
1624 3004 1815 3051 unus
1838 2980 2047 3051 alteri
2070 2979 2142 3050 in
2164 2980 2453 3051 occulto
2478 3024 2599 3071 -7

415 3082 608 3154 hanc
648 3104 862 3151 suam
903 3079 1245 3150 iniuriam
1289 3092 1362 3151 et
1401 3081 1663 3177 capitis
1704 3080 2267 3153 diminutionem
2318 3080 2599 3177 patien-

413 3192 530 3251 ter
577 3179 899 3276 portavit
949 3183 1039 3251 ad
1095 3192 1428 3277 tempus3
1488 3181 1610 3277 qui
1664 3185 1970 3254 tandem
2016 3207 2376 3279 processu
2416 3192 2601 3253 tem-

416 3280 616 3394 poris
659 3304 826 3351 curn
868 3305 1014 3354 non
1058 3293 1317 3379 posset
1355 3286 1549 3377 quod
1592 3283 1868 3353 factum
1914 3284 2152 3355 fuerat
2190 3306 2326 3395 per
2364 3282 2601 3353 eccle.-

416 3383 606 3455 siam
646 3405 1032 3477 revocare,
1087 3384 1231 3453 hoc
1261 3380 1476 3453 fie1i⁸
1525 3383 1836 3455 subdole
1878 3385 2319 3481 pr·ocu1avit.
2428 3385 2602 3455 Erat

417 3484 557 3580 ipsi
588 3482 747 3579 regi
781 3483 1006 3553 amita
1043 3483 1410 3597 quedam
1393 3508 1463 3553 ln
1497 3484 2345 3581 palatioPanormitanQ
2376 3507 2599 3581 quam

417 3585 614 3656 idem
654 3609 784 3655 rex
825 3588 914 3656 de
957 3583 1322 3656 consilio
1305 3610 1453 3655 lam
1493 3584 1665 3655 dicti
1706 3586 2252 3685 archiepiscopi
2280 3586 2601 3657 Henrico

417 3686 1005 3756 Alamannorum
1047 3686 1203 3782 regi
1244 3684 1394 3755 filio
1425 3686 1793 3758 Frederici
1825 3688 2332 3759 Romanorum
2372 3685 2605 3781 impe-

423 3786 686 3857 ratoris
739 3785 812 3856 in
867 3786 1262 3882 coniugem
1316 3787 1637 3883 tradidit
1694 3812 1835 3885 quo
1890 3788 2109 3860 etiam
2156 3796 2605 3884 procurante

421 3888 699 3958 factum
735 3898 876 3983 est,
910 3898 988 3958 ut
1014 3892 1102 3958 ad
1135 3888 1337 3983 regis
1368 3887 1603 3984 ipsius
1638 3891 2072 3961 mandatum
2104 3912 2371 3959 omnes
2393 3888 2605 3983 regni

424 3988 736 4059 comites
792 4000 1350 4059 sacramentum
1407 3989 1905 4085 prostiterint,
1977 3992 2167 4086 quod
2224 3988 2281 4059 si
2341 4012 2607 4085 regem

423 4164 470 4232 a)
509 4166 581 4215 ita
617 4176 798 4215 vocem
833 4166 1126 4215 atramento
1163 4165 1448 4215 recentiori
1479 4164 1659 4215 illitam
1698 4163 1823 4215 fidei
1862 4166 2096 4216 concavi.

426 4288 522 4370 12)
571 4288 878 4349 Morreale
926 4308 1118 4368 prope
1166 4290 1561 4351 Panormum.
