3050 4900
262 384 422 554 ἐς,
465 389 556 588 (⁸0
610 435 776 526 ,μὴ
1124 446 1204 518 Α.
1267 445 1478 519 1214.
1542 445 1752 518 1215.
2433 447 2525 517 37

339 647 554 720 habet
607 669 972 719 accessum
991 701 1008 738 ‚
1081 649 1218 719 nisi
1269 669 1453 717 untes
1514 651 1789 718 tardum
1852 669 2084 718 senex.
2188 647 2271 720 In
2330 650 2533 720 cuius

341 771 627 820 camere
685 749 868 818 ostio
931 770 1207 840 semper
1276 749 1585 818 existunt
1652 749 1922 817 armati
1990 750 2531 843 quinquaqinta.

346 849 1017 944 Quinquayenorius
1085 855 1195 919 est
1249 846 1725 940 Sephedinus,
1791 853 2045 941 potens
2103 849 2397 921 multum
2458 851 2529 919 in

344 953 570 1022 armis
621 954 689 1019 et
733 955 956 1043 yeme,
1013 949 1342 1044 eloquens
1377 947 1586 1019 valde
1622 949 1693 1017 in
1728 946 1975 1043 linqua
2010 971 2171 1042 sua,
2222 952 2342 1046 qui
2365 973 2531 1043 pre-

343 1050 528 1124 cellit
575 1047 782 1121 hodie
819 1069 1074 1120 ‘omnes
1117 1051 1238 1144 qui
1287 1050 1525 1120 vivunt
1574 1070 1911 1142 payanos
1959 1055 2247 1144 excepto
2300 1049 2531 1122 Masci-

341 1159 536 1224 muto
573 1152 646 1221 in
684 1172 891 1221 auro.
994 1149 1150 1220 Iam
1201 1151 1382 1220 enim
1420 1149 1713 1220 munivit
1747 1154 1974 1221 totam
2010 1156 2280 1222 terram
2316 1174 2531 1222 suam

343 1259 412 1322 et
433 1250 766 1341 filiorum,
805 1255 874 1321 et
899 1252 1248 1322 exercitus
1272 1254 1669 1343 conyreyat
1690 1251 2001 1333 infinitos
2013 1278 2042 1342 ,·
2077 1251 2279 1322 setin
2308 1253 2529 1325 onmi-

343 1352 476 1423 bus
525 1354 674 1445 ipse
721 1373 880 1420 cum
928 1347 1090 1437 filiis
1135 1352 1206 1421 in
1241 1350 1635 1444 predictum
1673 1349 1961 1422 modum
1999 1374 2161 1423 cum
2195 1350 2531 1422 Romana

344 1452 642 1524 ecclesia
681 1449 825 1522 vult
859 1473 1284 1545 componere
1317 1473 1594 1545 pacem.

499 1551 673 1624 Octo
720 1550 845 1621 alii
893 1550 1016 1640 {ilii
1069 1550 1447 1646 Sephedini
1497 1550 1585 1622 de
1627 1553 1867 1644 patris
1902 1554 2396 1624 constitutione
2429 1553 2533 1621 sic

344 1654 602 1723 vivunt.
708 1651 871 1724 Duo
924 1675 1012 1722 ecc
1058 1653 1230 1746 ipsis
1281 1651 1685 1724 custodiunt
1718 1650 2162 1745 sepulchrum
2202 1651 2490 1724 Domini
2502 1679 2531 1741 ‚-

347 1750 450 1824 ad
498 1775 675 1847 quos
726 1751 1060 1848 quicquid
1111 1751 1332 1823 datur
1369 1753 1711 1846 pervenit,
1765 1759 1831 1822 et
1867 1751 2188 1824 dividunt
2220 1755 2401 1829 inter
2434 1775 2529 1822 se.

349 1852 678 1940 Qaatuor
713 1851 838 1925 alii
869 1851 1132 1924 habent
1167 1850 1486 1924 redditus
1523 1851 1611 1922 de
1648 1851 1903 1945 Calyce
1936 1854 2173 1945 fluvio,
2220 1854 2339 1947 qui
2374 1853 2533 1923 irri-

345 1958 479 2046 ραι
510 1957 736 2024 totam
775 1959 1046 2024 terram
1075 1953 1372 2048 Eyypli5
1411 1959 1476 2024 et
1503 1953 1655 2024 istis
1682 1959 1995 2046 quatuor
2020 1952 2269 2024 melius
2297 1953 2535 2024 valent

343 2055 460 2124 isti
495 2052 814 2124 redditus
849 2052 936 2125 de
973 2056 1215 2148 viyinti
1250 2052 1552 2124 millibus
1586 2055 2102 2124 sarracenatis.
2205 2053 2370 2126 Duo
2410 2051 2536 2124 alii

342 2155 614 2237 fratres
650 2154 960 2224 minores
994 2160 1159 2224 sunt
1193 2152 1447 2223 cotidie
1481 2154 1553 2222 in
1581 2159 1957 2244 conspectu
1986 2152 2119 2224 Dei
2142 2155 2254 2225 sui
2280 2151 2533 2246 Μαρο-

343 2261 490 2324 met
526 2274 667 2345 pro
718 2254 1046 2324 castitate
1096 2277 1310 2348 quam
1347 2251 1631 2343 habent,
1684 2258 2033 2345 ettotam,
2085 2253 2283 2347 quod
2312 2251 2537 2324 datur

345 2352 451 2426 ad
496 2351 712 2446 pedes
763 2355 934 2443 εἰπε,
991 2359 1097 2425 est
1129 2354 1214 2425 de
1249 2355 1419 2447 ipsis
1455 2352 1849 2424 minoribus
1880 2353 2251 2438 fratribus.
2355 2354 2531 2445 Hoc,

343 2456 791 2526 sanctissime
822 2460 1055 2548 pater,
1092 2457 1195 2526 ita
1231 2478 1383 2527 esse
1417 2457 1489 2525 in
1526 2456 1821 2526 veritate
1855 2457 2123 2527 sciatis.

495 2554 696 2626 Hoc⁸
732 2578 928 2625 anno
960 2554 1381 2651 Roggerius
1419 2557 1512 2627 de
1541 2553 1799 2651 Aquila
1833 2555 2232 2627 Fundanus
2272 2577 2532 2627 comes

345 2653 547 2823 cepi-t
600 2665 930 2727 castrum
986 2656 1292 2749 Motule7
1347 2665 1423 2727 et
1468 2655 1647 2727 illud
1699 2656 1915 2729 bonis
1966 2655 2311 2729 omnibus
2362 2680 2531 2753 spo-

376 2765 572 2829 navlt.

1311 2926 1560 3016 1215.

495 3115 970 3190 Innocentius
1003 3142 1196 3215 papa
1225 3120 1501 3192 Urbem
1534 3118 1793 3191 exiens
1824 3119 2029 3191 venit
2046 3117 2526 3191 Ferentinum

345 3222 419 3290 in
458 3217 977 3315 Campaniam5
1031 3221 1123 3290 ad
1176 3244 1400 3317 quem
1453 3219 1876 3317 Roggerius
1917 3223 2007 3292 de
2043 3218 2304 3317 Aquila
2342 3220 2529 3291 Fun-

345 3322 583 3391 danus
616 3343 872 3392 comes
903 3322 1302 3417 accedens,
1339 3321 1499 3417 regi
1527 3321 1919 3394 Frederico
1950 3318 2323 3392 fidelitatis
2364 3344 2529 3419 pre-

345 3418 528 3491 stitit
565 3420 1091 3492 iuramentum.
2536 3426 2541 3429 ’

495 3522 701 3593 ldem
742 3545 932 3619 papa
970 3544 1239 3593 mense
1281 3523 1594 3621 Augusti
1632 3523 2187 3621 inquisitionem
2235 3526 2325 3594 de
2363 3544 2530 3618 per—

345 3644 532 3692 sona
562 3620 848 3694 abbatis
879 3622 1314 3705 Casinensis
1343 3623 1684 3696 Adenulfi
1722 3625 1987 3723 prefati
2026 3622 2186 3696 fieri
2228 3624 2531 3693 mandat

346 3744 482 3818 per
531 3722 940 3816 Nycolaum
994 3723 1517 3821 cappellanum
1568 3750 1815 3817 suum,
1871 3726 1994 3823 qui
2049 3725 2121 3796 in
2178 3721 2532 3795 Tuscula-

344 3845 521 3893 num
577 3833 693 3895 est
743 3835 1218 3923 assumptus,
1288 3836 1362 3896 et
1415 3849 1551 3923 per
1601 3828 2046 3923 magistrum
2099 3823 2527 3896 Rainerium

345 3932 522 3995 tunc
578 3924 991 4020 notarium,
1058 3925 1178 4022 qui
1235 3926 1305 3997 in
1365 3928 1821 3999 cardinalem
1880 3938 2143 4025 postea
2196 3935 2313 3997 est
2365 3945 2528 4020 pro·

344 4035 616 4097 motus.
720 4024 862 4113 Qui
900 4027 991 4097 de
1030 4036 1228 4097 statu
1268 4027 1706 4099 monasterii
1754 4039 1829 4099 et
1864 4031 1955 4100 de
1998 4036 2319 4125 persona
2359 4024 2532 4097 dicti

345 4224 394 4290 a)
435 4220 560 4276 Hoc
595 4256 660 4264 —
694 4223 942 4295 spoliavit
973 4230 1160 4293 postea
1197 4228 1402 4282 addidit
1436 4244 1625 4283 monus
1658 4228 1897 4295 sortasse
1928 4230 2128 4293 eadem,
2167 4230 2281 4283 loco
2313 4232 2403 4299 qui
2426 4242 2534 4297 po-

345 4299 448 4350 tius
486 4300 560 4351 ad
593 4314 786 4353 annam
828 4297 970 4349 1215
1003 4302 1248 4365 pertinet.
