3050 4900
481 433 624 503 110
877 424 1442 503 RYCCARDUS
1495 428 1623 501 DE
1674 426 1749 501 S.
1812 426 2277 501 GERMANO

475 636 544 704 et
567 628 764 727 quod
787 628 1006 701 sellas
1031 634 1102 700 et
1122 632 1332 699 scuta
1361 629 1639 701 munire
1666 626 1971 700 debcant
1994 628 2419 699 necessariis
2454 648 2677 722 quar-

475 731 825 804 nimentis.
921 728 1308 801 Boecerios
1363 734 1601 820 autem
1650 734 1718 799 et
1745 729 2049 821 piscium
2076 726 2500 820 venditores,
2554 730 2675 822 qui

475 834 610 904 vite
645 830 1008 904 hominum
1044 831 1458 901 necessaria
1494 815 2089 921 sumministrant,
2145 833 2215 900 et
2246 850 2335 899 ex
2368 850 2674 923 quorum

476 930 862 1019 fraudibus
911 934 1155 1025 posset
1203 951 1349 1002 non
1404 928 1905 1002 tantummodo
1962 928 2173 999 rebus
2221 926 2351 1000 sed
2398 933 2469 999 et
2514 950 2675 1025 per·-

476 1032 674 1105 sonis
709 1033 926 1104 etiam
961 1031 1356 1101 maximum
1393 1030 1787 1123 dampnum
1820 1030 2077 1114 inferri
2108 1029 2185 1100 in
2218 1050 2467 1101 eorum
2491 1050 2677 1101 mer-

477 1132 676 1205 cibus
727 1136 796 1203 et
835 1131 1414 1224 mercationibus,
1469 1129 1797 1201 volumus
1842 1152 1995 1201 esse
2043 1127 2307 1221 fideles,
2360 1126 2679 1201 videlicet

477 1239 560 1304 ut
599 1232 894 1317 scrofas
943 1255 1080 1324 pro
1127 1231 1393 1324 porcis,
1447 1229 1561 1301 vel
1603 1252 1865 1302 earnes
1917 1230 2373 1321 morticinas,
2428 1227 2539 1301 vel
2580 1229 2677 1300 ab

479 1354 624 1404 uno
660 1331 774 1403 die
808 1332 879 1401 in
919 1331 1139 1403 alium
1169 1336 1606 1422 reservatas,
1644 1332 1709 1402 si
1732 1329 1859 1401 hec
1884 1328 2322 1423 emptoribus
2346 1350 2489 1399 non
2516 1352 2677 1423 pre-

485 1431 824 1523 dixerint,
891 1454 1017 1503 seu
1069 1429 1675 1525 qualitercumque
1735 1434 2127 1523 corruptas
2180 1428 2292 1501 vel
2348 1430 2678 1523 infectas,

477 1534 552 1603 in
577 1531 970 1624 dampnum
1000 1537 1066 1602 et
1093 1530 1569 1625 deceptionem
1596 1536 1992 1621 emptorum
2020 1528 2321 1601 vendere
2347 1548 2495 1600 non
2511 1552 2678 1623 pre-

479 1638 790 1704 sumant.
866 1630 1274 1703 Venditores
1306 1634 1522 1703 etiam
1553 1632 1857 1724 piscium
1886 1631 1958 1701 in
1988 1631 2345 1723 corruptis
2366 1630 2681 1723 piscibus

480 1754 624 1804 non
663 1731 1045 1803 vendendis
1083 1738 1212 1803 aut
1247 1733 1339 1803 ab
1377 1753 1519 1803 uno
1557 1730 1671 1803 die
1702 1732 1776 1801 in
1812 1729 2031 1803 alium
2069 1731 2475 1823 reservatis,
2529 1732 2681 1805 sine

479 1831 914 1925 predictione
940 1830 1258 1903 similiter
1284 1832 1669 1903 reservatis
1685 1829 2108 1923 calefactae,
2136 1829 2456 1903 similiter
2466 1829 2681 1917 fidem

476 1932 907 2025 precipimus
959 1930 1332 2001 observari
1341 1957 1370 2021 ,-
1423 1936 1492 2002 et
1538 1935 1617 2001 ut
1656 1928 1961 2024 predicti
2012 1952 2259 2001 omnes
2310 1935 2379 2002 et
2421 1930 2683 2024 sinyuli

482 2032 810 2125 superius
857 2031 1228 2123 nominati,
1282 2052 1524 2102 rerum
1574 2032 1813 2103 vitium
1850 2028 2386 2103 vendendarum
2422 2052 2511 2101 ex
2541 2030 2681 2117 fide

479 2129 896 2225 predicant5
933 2136 1002 2203 et
1033 2138 1114 2201 ut
1143 2130 1338 2203 cibos
1370 2130 1599 2224 pridie
1630 2136 2073 2223 preparatos
2106 2136 2174 2201 et
2206 2132 2279 2201 in
2306 2130 2417 2201 die
2444 2129 2681 2203 altera

485 2230 905 2324 calefactos,
941 2230 1261 2303 similiter
1295 2232 1444 2302 sine
1474 2230 1915 2325 predictione
1941 2252 2084 2302 non
2112 2228 2445 2303 vendant.
2519 2229 2683 2301 Ven-

488 2330 758 2404 ditores
790 2332 1002 2403 etiam
1041 2330 1510 2403 candelarum
1550 2354 1677 2402 eas
1727 2330 2025 2416 fideliter
2070 2332 2377 2423 faciant,
2432 2352 2561 2401 nec
2608 2332 2683 2403 in

487 2433 589 2502 eis
643 2433 714 2502 in
767 2436 1162 2524 emptorum
1203 2430 1647 2525 dispendium
1685 2430 1959 2548 aliquid
1992 2455 2151 2506 cere
2186 2430 2683 2524 ammisceant,

489 2553 621 2604 nec
671 2533 742 2604 in
801 2533 900 2603 eis
951 2533 1089 2621 nisi
1135 2531 1607 2604 bombicinum
1638 2533 1977 2626 papirum
2016 2537 2409 2624 apponant,
2466 2530 2574 2604 vel
2622 2532 2687 2603 si

492 2630 702 2704 aliter
733 2631 1032 2716 fecerint
1064 2631 1314 2710 excinde
1351 2637 1706 2725 emptores
1742 2630 2157 2704 cohercerea
2193 2630 2571 2704 curabunt.

649 2731 1103 2804 Tabernariis
1155 2739 1392 2805 autem
1449 2737 1518 2803 et
1568 2731 2049 2806 venditoribus
2093 2733 2239 2806 vini
2272 2730 2689 2826 quibuslibet

482 2829 970 2924 prohibemus,
1023 2854 1112 2906 ne
1157 2831 1458 2906 vendere
1500 2821 1923 2926 presumant
1968 2834 2207 2904 vinum
2241 2831 2687 2925 lymphatum

483 2953 628 3024 pro
660 2954 870 3023 puro.
931 2930 1184 3004 Nullus
1218 2935 1292 3003 in
1327 2955 1549 3027 reqno
1586 2938 1834 3006 nostro
1862 2931 2145 3005 laboret
2170 2954 2453 3024 aurum,
2493 2930 2689 3026 quod

491 3053 624 3123 per
675 3029 934 3102 libram
988 3029 1074 3102 de
1117 3055 1304 3125 puro
1357 3038 1596 3106 teneat
1630 3033 1865 3106 minus
1910 3055 2129 3128 quam
2178 3037 2342 3104 octo
2394 3033 2687 3122 uncias,-

494 3129 814 3203 similiter
863 3135 934 3199 et
983 3137 1382 3224 arpentum,
1438 3131 1633 3226 quod
1682 3133 1915 3204 minus
1949 3131 2273 3206 undecim
2312 3133 2689 3204 unciarum

486 3231 660 3323 puri
695 3232 974 3324 arpenti
1003 3253 1134 3322 per
1167 3229 1428 3302 libram
1464 3237 1702 3304 tenere
1732 3237 2096 3304 noscatur.
2166 3231 2375 3320 Quod
2400 3234 2687 3324 optinet,

495 3331 642 3404 sive
694 3329 942 3402 venale
991 3353 1171 3423 opus
1223 3329 1629 3404 huiusmodi
1676 3333 2006 3421 aurifices
2056 3355 2195 3426 pro
2248 3355 2325 3403 se
2383 3335 2689 3420 faciant,

495 3429 642 3504 sive
689 3429 782 3502 ab
833 3428 980 3500 alio
1031 3437 1316 3522 recepta
1361 3434 1671 3505 materia
1724 3455 1905 3526 opus
1936 3435 2237 3526 finyant,
2290 3438 2373 3502 ut
2405 3432 2688 3525 anulos,

493 3527 787 3620 fibulas,
829 3530 1288 3624 parapsydes
1305 3527 1369 3578 42
1430 3532 1541 3604 vel
1589 3555 1865 3626 cuppas
1917 3555 2187 3606 aureas
2236 3533 2383 3604 sive
2432 3555 2691 3626 arqen-

496 3633 676 3722 teas,
729 3631 802 3702 in
851 3631 1100 3724 quibus
1147 3631 1420 3727 aliquid
1453 3631 1649 3704 ultra
1675 3631 2081 3726 predictam
2118 3634 2587 3727 quantitatem
2624 3639 2693 3704 et

497 3731 816 3814 formam
857 3753 905 3801 a
939 3731 1277 3822 predictis
1314 3731 1620 3807 dominis
1660 3733 2065 3804 ammisceri
2094 3737 2405 3826 petatur.
2490 3732 2584 3804 Et
2613 3737 2693 3806 ut

499 3831 728 3901 omnis
782 3831 1173 3918 artificibus
1223 3833 1394 3926 ipsis
1446 3831 2113 3904 committendarum
2159 3831 2534 3918 fraudium
2572 3833 2730 3905 via·

499 3935 567 4000 et
600 3932 912 4002 materia
939 3931 1432 4024 precludatur,
1468 3954 1599 4024 per
1632 3930 1795 4004 loca
1830 3931 2130 4027 quelibet
2164 3931 2347 4005 duos
2384 3932 2547 4028 eliqi
2572 3955 2693 4004 vo·

500 4028 733 4102 lumus
767 4029 905 4118 fide
944 4031 1219 4125 diynos,
1253 4054 1385 4123 per
1413 4037 1601 4103 terre
1628 4031 1910 4104 baiulos
1933 4031 2407 4126 ordinandos,
2444 4033 2696 4128 quibus

501 4131 1020 4201 imminentibus
1066 4131 1388 4223 predicta
1443 4132 1688 4204 omnia
1740 4133 1811 4204 in
1862 4139 2059 4204 statu
2108 4135 2528 4206 conservari
2576 4132 2693 4204 de-

502 4247 551 4319 a)
592 4251 706 4318 leqe
743 4248 1048 4302 certiorare.
1759 4247 1860 4331 42)
1912 4249 1949 4312 ἰ.
1997 4269 2051 4314 e.
2100 4250 2329 4321 discOS,
2374 4249 2696 4315 scutella&
