3050 4900
522 445 617 518 34
925 444 1492 522 RYCCARDUS
1546 446 1669 521 DE
1724 448 1797 522 S.
1852 449 2313 524 GERMANO

521 655 809 726 viscitur
845 654 1182 724 misereri.
1299 649 1496 724 Unde
1548 649 1739 720 illum
1788 653 2059 722 imitari
2110 651 2414 724 volentes
2458 655 2576 746 qui
2628 653 2713 723 de

517 779 594 826 se
645 757 800 848 ipso
853 755 993 824 ait:
1048 752 1362 845 „Discite
1413 775 1461 821 a
1511 775 1644 843 me,
1698 754 1868 846 quia
1920 753 2106 823 mitis
2140 775 2295 824 sum
2336 760 2403 824 et
2434 750 2715 824 humilis

516 853 808 947 corde“,
839 852 1398 948 maynitudinem
1430 858 1629 922 tuam
1646 849 2003 922 humiliter
2020 853 2506 944 obsecramus,
2535 877 2711 947 qust-

521 962 722 1027 tenus
775 977 862 1025 ne
906 959 1208 1046 propter
1260 951 1639 1023 violentam
1678 951 2140 1024 detentionem
2189 956 2471 1046 prefate
2527 960 2713 1024 terre

512 1055 674 1146 plus
731 1053 967 1126 adhuc
1019 1053 1436 1140 effundatur
1486 1051 1787 1123 humani
1840 1056 2212 1147 sanquinis
2268 1077 2483 1148 quam
2540 1053 2710 1126 hac-

517 1161 720 1227 tenus
770 1161 873 1226 est
922 1155 1228 1242 effusus,
1295 1155 1635 1224 restituas
1685 1176 1843 1224 eam
1895 1153 2135 1246 nobis,
2190 1177 2362 1226 usus
2414 1154 2709 1226 consilio

515 1257 812 1347 saniori,
869 1253 956 1325 de
1005 1275 1150 1349 qua
1203 1257 1392 1338 forte
1441 1253 1834 1325 detentione
1878 1253 2043 1348 plus
2094 1255 2215 1324 tibi
2266 1253 2709 1341 difficultatis

515 1377 730 1452 quam
771 1353 1094 1426 utilitatis
1147 1357 1514 1446 accrescit,
1570 1360 1638 1424 et
1675 1353 1984 1426 dimissis
2020 1357 2369 1449 utrimque
2406 1358 2707 1448 captivis

517 1459 968 1550 quiescamus
1007 1480 1053 1526 a
1092 1457 1354 1526 mutuis
1380 1457 1999 1548 impuynationum
2030 1456 2345 1544 offensis,
2382 1457 2485 1526 ita
2514 1456 2711 1550 quod

515 1563 694 1650 aput
739 1561 805 1627 te
859 1578 1002 1626 non
1057 1557 1150 1626 sit
1199 1555 1510 1627 deterior
1546 1553 1871 1628 condicio
1907 1558 2137 1649 yentis
2170 1562 2433 1648 nostre,
2488 1579 2703 1650 quam

515 1663 692 1750 aput
727 1679 860 1728 nos
897 1662 1003 1728 est
1047 1655 1370 1728 condicio
1419 1658 1645 1748 yentis
1692 1662 1823 1727 tue.
1922 1657 2227 1727 Latores
2274 1659 2703 1747 presentium

514 1755 617 1830 ad
663 1763 865 1828 tuam
914 1757 1344 1849 presentiam
1394 1754 1789 1827 destinatos
1852 1749 2201 1850 'reomaus
2251 1757 2543 1850 beniyne
2597 1780 2703 1827 re·

512 1859 777 1950 cimas,
852 1857 1140 1950 diynum
1201 1859 1300 1927 eis
1355 1877 1773 1948 responsum
1836 1859 2151 1928 tribuens
2212 1881 2369 1928 cum
2426 1858 2700 1942 effectu.
2785 1865 2789 1872 '

511 1957 780 2029 Datum
823 1957 1170 2029 Laterani
1207 1960 1274 2032 6.
1309 1954 1683 2028 Kalendas
1718 1954 1917 2050 Maii,
1968 1960 2427 2052 pontificatus
2476 1961 2705 2029 nostri

512 2081 704 2130 anno
749 2058 862 2131 16.

657 2158 847 2230 Item
883 2156 1078 2229 scire
1117 2157 1380 2228 volens
1419 2156 1583 2255 ipse
1616 2181 1804 2254 papa
1838 2168 2078 2229 terras
2116 2181 2365 2228 mores
2397 2167 2473 2228 et
2500 2157 2697 2230 vires

509 2260 1059 2355 Agarenorun1.,
1113 2267 1372 2329 contra
1427 2282 1617 2355 quos
1672 2262 1763 2330 de
1815 2257 2069 2356 ipsius'
2107 2261 2456 2330 mandato
2508 2259 2697 2330 chri-

509 2360 925 2433 stianorum
980 2358 1354 2430 exercitus
1405 2363 1846 2455 parabatur,
1920 2359 2221 2458 scripsit
2274 2359 2697 2457 patriarche

505 2459 1194 2555 lherosolimitanO,
1267 2459 1647 2555 magistris
1710 2463 2105 2533 domorum
2154 2460 2561 2558 Hospitalis
2620 2470 2693 2532 et

506 2561 822 2659 Templi,
879 2570 959 2631 ut
1011 2583 1244 2657 super
1298 2558 1442 2631 hiis
1503 2584 1677 2631 eum
1736 2585 1869 2659 per
1918 2587 2097 2634 suas
2152 2564 2554 2635 redderent
2588 2561 2697 2633 lit-

504 2673 706 2734 teras
759 2659 1178 2733 certiorem.
1285 2660 1425 2747 Qui
1470 2684 1607 2758 per
1645 2666 2009 2758 quasdam
2052 2686 2287 2735 naves
2328 2662 2693 2733 Venetam

503 2764 674 2835 inde
715 2763 860 2834 huc
896 2760 1556 2856 transmeantium,
1608 2772 1767 2834 tam
1812 2766 2244 2836 detentores
2284 2788 2509 2859 quam
2550 2772 2693 2834 ter-

504 2888 626 2937 ras
692 2874 765 2936 et
829 2886 1081 2935 mores
1134 2884 1398 2935 eorum
1453 2874 1963 2961 exposuerunt
2019 2862 2083 2936 ei
2143 2863 2567 2936 certissime
2617 2863 2691 2934 in

501 2966 700 3037 hunc
740 2967 1080 3036 modum:

647 3064 1046 3136 Saladinus
1074 3070 1143 3134 et
1167 3062 1607 3157 Sephedinus
1633 3064 1777 3137 duo
1801 3066 2077 3148 fratres
2100 3066 2411 3150 fuerunt.
2496 3062 2691 3135 Mor-

499 3171 620 3235 tuo
669 3160 1054 3259 Saladino7
1107 3165 1227 3259 qui
1275 3163 1524 3236 habuit
1572 3165 1895 3237 undecim
1944 3164 2150 3258 filios,
2206 3168 2536 3258 reynavit
2570 3164 2692 3235 Se-

495 3262 866 3357 phedinus,
921 3268 1039 3359 qui
1073 3264 1334 3335 occidit
1371 3288 1617 3337 omnes
1651 3272 1939 3359 nepotes
1972 3290 2165 3358 suos,
2193 3272 2439 3359 preter
2474 3288 2689 3335 unum

499 3366 618 3459 qui
663 3370 969 3436 vocatur
1014 3363 1541 3457 Melchisedech,
1596 3368 1715 3461 qui
1752 3370 1937 3438 tenet
1970 3372 2240 3438 terram
2278 3368 2491 3437 istam
2530 3388 2687 3435 cum

499 3464 824 3537 omnibus
871 3465 1301 3558 civitatibus,
1370 3468 1633 3538 castris
1686 3472 1753 3537 et
1800 3466 1979 3538 villis
2030 3473 2100 3537 et
2150 3466 2313 3538 aliis
2364 3467 2689 3537 munitio-

497 3566 740 3655 nibus,
811 3589 942 3658 que
1001 3572 1169 3637 sunt
1222 3565 1383 3659 plus
1435 3565 1521 3637 de
1573 3566 1911 3638 ducentis.
2017 3566 2461 3660 Sephedinus
2519 3588 2687 3636 vero

497 3664 749 3737 habuit
793 3665 976 3753 filios
1021 3670 1134 3758 15,
1191 3665 1276 3737 de
1326 3667 1579 3761 quibus
1614 3666 2038 3739 hereditavit
2068 3674 2355 3761 septem.
2452 3665 2688 3737 Silicet

499 3765 1016 3857 Melhehemme‚
1074 3768 1192 3861 qui
1239 3770 1515 3859 primus
1564 3773 1670 3838 est
1715 3773 1784 3838 et
1826 3770 2067 3838 maior
2120 3774 2297 3839 natu
2336 3767 2685 3857 omnibus,

495 3866 606 3938 hic
641 3872 828 3938 tenet
858 3864 1394 3958 Alexandriam,
1450 3868 1907 3938 Babiloniam
1950 3868 2286 3961 Camurii,
2343 3874 2410 3938 et
2461 3873 2684 3938 totam

496 3972 765 4038 terram
800 3967 1036 4061 Eyipri
1069 3970 1140 4037 in
1177 3966 1468 4037 meridie
1505 3974 1571 4039 et
1605 3972 2077 4061 septentrione
2090 3996 2117 4059 ,-
2156 3973 2275 4063 qui
2306 3974 2472 4061 post
2498 3990 2685 4037 mor·

497 4074 630 4137 tem
667 4070 900 4159 patris
935 4070 1047 4137 sui
1084 4066 1463 4159 Sephedini
1512 4067 1600 4140 de
1644 4070 1965 4162 yenerali
2012 4071 2509 4142 constitutione
2552 4091 2684 4159 pa-

495 4169 626 4237 tris
675 4174 744 4238 et
792 4170 1106 4252 fratrum
1159 4167 1359 4239 debet
1411 4192 1560 4240 esse
1611 4168 1940 4241 dominus
1994 4172 2304 4240 omnium
2358 4175 2427 4240 et
2474 4170 2689 4238 totius

497 4272 702 4339 terre.
769 4267 1138 4339 Secundus
1173 4268 1357 4355 lilius
1395 4275 1496 4340 est
1533 4272 1815 4343 nomine
1854 4269 2282 4361 Coradinus‚
2322 4272 2442 4364 qui
2476 4268 2690 4340 habet
