3050 4900
505 449 605 521 82
911 446 1480 520 RYCCARDUS
1534 448 1657 519 DE
1712 448 1788 520 S.
1842 445 2306 520 GERMANO

507 658 773 719 sancte
817 645 1358 719 dissolveretur
1405 646 1821 743 nego-tium,
1876 649 1965 719 ad
2006 649 2199 743 quod
2241 645 2407 740 ipse
2460 646 2697 742 impe-

505 758 707 819 rator
770 770 904 844 pro
973 746 1253 820 viribus
1321 746 1803 820 incumbebat
1872 757 1947 819 et
2005 747 2476 840 intendebat,
2550 747 2693 845 ipsi

507 847 862 920 exercitui
885 847 1585 945 supet-Teutonicos
1606 848 2232 945 etLongobardos-
2248 847 2693 943 magistrum

505 950 772 1023 domus
827 946 1408 1021 Teutonicorum
1477 958 1553 1019 et
1602 972 1832 1045 super
1880 947 2233 1019 homines.
2284 971 2693 1044 regnorum

507 1048 973 1121 lherusalem
1031 1059 1104 1120 et
1159 1048 1354 1145 cipri
1395 1049 1859 1142 Ryccardnm
1898 1047 2401 1145 Filangerium
2454 1072 2695 1119 mare-

506 1150 842 1222 scalcum
897 1172 1118 1221 suum
1175 1160 1252 1221 et
1291 1152 1663 1261 quendam
1704 1148 2097 1222 Oddonem
2138 1152 2231 1220 de
2266 1148 2519 1221 Monte
2556 1149 2695 1221 Be·

503 1250 736 1322 liardo
794 1249 1110 1347 prefecit
1165 1250 1601 1347 capitaneos
1656 1259 1733 1321 et
1780 1252 2174 1362 ductores}
2223 1258 2300 1319 et
2347 1252 2441 1321 ob
2496 1250 2695 1321 hanc

506 1374 814 1423 causam
847 1350 1251 1423 soldanus
1233 1375 1400 1448 lpse
1427 1374 1597 1421 cum
1631 1348 1861 1421 sciret
1884 1349 2131 1447 ipsum
2157 1372 2401 1446 lmpei
2404 1361 2567 1421 atm
2570 1372 2691 1421 em

503 1451 632 1523 tali
679 1450 846 1524 odio
899 1455 1004 1524 ab
1043 1451 1368 1523 ecclesia
1422 1460 1939 1563 persecutum,
1990 1448 2113 1520 vix
2150 1474 2323 1521 cum
2362 1473 2452 1520 eo
2492 1473 2693 1521 com-

505 1574 794 1649 ponere
841 1552 1188 1625 inductus
1242 1562 1380 1624 est.
1478 1549 1919 1649 Composuit
1969 1561 2225 1622 tamen
2279 1550 2429 1621 sic:
2495 1552 2689 1647 quod

503 1676 742 1748 usque
795 1656 890 1723 ad
942 1651 1172 1725 finem
1221 1663 1712 1748 treuguarum
1754 1674 2023 1747 pacem
2060 1650 2196 1723 sibi
2238 1653 2329 1722 ad
2369 1650 2690 1722 invicem

505 1756 1026 1841 observarent
1079 1751 1356 1865 captivi·
1406 1776 1676 1823 omnes
1732 1751 1907 1824 hinc
1962 1752 2133 1827 inde
2186 1774 2321 1822 sue
2370 1750 2689 1823 libertati

503 1853 1113 1946 restituerentur3
1171 1863 1244 1924 et
1295 1852 1405 1924 sic
1442 1852 1771 1949 receptis
1810 1856 1900 1924 ab
1940 1851 2103 1948 ipso
2142 1851 2451 1924 soldano
2488 1862 2691 1923 te1ra

504 1962 766 2025 sancta
817 1962 894 2023 et
935 1952 1122 2025 locis
1179 1953 1561 2050 predictis,
1614 1956 1703 2025 de
1757 1952 2065 2025 consilio
2105 1952 2439 2025 omnium
2480 1976 2691 2050 peie-

502 2052 886 2149 grinorum
936 2053 1100 2150 ipse
1150 2053 1224 2123 in
1278 2054 1745 2125 lherusalem
1798 2054 2181 2149 profectus
2222 2064 2364 2148 est,
2420 2052 2537 2124 ubi
2596 2076 2689 2122 eo

503 2154 648 2247 die,
686 2178 832 2250 quo
873 2154 1252 2226 civitatem
1289 2164 1637 2227 sanctam
1670 2153 2065 2249 ingressus
2104 2162 2223 2225 est
2256 2152 2691 2250 imperatm,

502 2253 1118 2368 archiepiscopus
1189 2256 1520 2328 Cesaree
1590 2254 1909 2327 nuncius
1982 2254 2405 2349 patriarche
2472 2255 2692 2325 adve-

501 2354 762 2448 niens,
835 2354 1212 2427 civitatem
1265 2354 1509 2452 ipsam
1574 2364 1651 2425 et
1712 2350 2141 2451 specialiter
2202 2353 2690 2451 sepulchrum

499 2455 797 2526 Domini
836 2455 1231 2568 supposuit
1265 2455 1658 2528 interdicto
1716 2459 1809 2528 de
1859 2459 2213 2528 mandato
2267 2454 2689 2551 patriarche

499 2555 782 2651 ipsius7
853 2555 1219 2651 primitias
1287 2555 1878 2652 recuperationis
1948 2555 2187 2652 ipsius
2250 2578 2397 2626 non
2463 2558 2686 2626 bene-

501 2655 824 2726 dictiolie
863 2658 995 2727 sed
1035 2656 1520 2728 anathemate
1559 2665 2031 2752 prosecutus.
2121 2657 2473 2728 Preterea
2512 2679 2687 2752 qua-

497 2755 667 2828 liter
719 2765 974 2827 contra
1027 2755 1276 2854 ipsum
1337 2756 1871 2853 imperatorem
1938 2765 2121 2853 aput
2170 2757 2423 2828 Accon
2486 2765 2688 2852 post·

501 2860 804 2930 modum
842 2859 1282 2930 redeuntem
1321 2857 1633 2954 predicti
1672 2857 2119 2954 patriarcha,
2177 2856 2513 2952 magistri
2563 2858 2687 2926 do-

499 2982 755 3028 muum
788 2956 1200 3054 Hospitalis
1237 2968 1312 3030 et
1338 2958 1630 3054 Templi
1670 2983 1755 3030 se
1792 2968 2225 3053 gesserunt,
2264 2968 2519 3051 utpote
2559 2955 2684 3052 qui

499 3069 755 3130 contra
787 3057 1038 3152 ipsum
1063 3057 1414 3130 intestina
1445 3059 1635 3130 bella
1672 3069 2067 3130 moverunt
2095 3057 2171 3128 in
2198 3057 2497 3128 civitate
2519 3080 2684 3152 pre-

498 3157 718 3251 dicta,
757 3157 926 3251 hiis,
965 3157 1086 3254 qni
1124 3157 1647 3252 interfuerunt,
1682 3159 1853 3230 luce
1882 3157 2155 3230 clarius
2188 3157 2424 3229 extitit
2452 3155 2683 3228 mani-

495 3259 796 3330 festum.

650 3359 1001 3432 Ceterum
1053 3358 1222 3456 quia
1279 3361 1371 3430 ad
1424 3358 1637 3454 regni
1691 3358 2134 3452 subsidium,
2190 3359 2385 3455 quod
2434 3367 2515 3428 ut
2564 3381 2685 3428 su-

501 3458 748 3555 perius
802 3457 1120 3531 diximus
1169 3459 1510 3530 Romana
1566 3458 1677 3531 sic
1731 3468 2039 3556 ceperat
2088 3457 2415 3530 ecclesia
2464 3481 2683 3530 occu-

501 3583 720 3655 pare,
769 3559 1206 3632 necessario
1258 3561 1350 3631 de
1401 3558 1593 3632 Siria
1645 3560 1864 3631 rediit
1914 3559 2360 3659 imperator,
2428 3557 2681 3630 statim

495 3659 796 3732 nuntios
847 3684 1032 3732 suos
1081 3659 1284 3732 misit
1338 3661 1428 3730 ad
1483 3683 1758 3756 papam
1824 3662 2191 3756 quosdam
2253 3660 2527 3732 fratres
2590 3660 2681 3728 de

493 3762 714 3832 domo
745 3760 1350 3852 'samonium-um,
1390 3783 1528 3856 per
1562 3783 1751 3856 quos
1788 3759 2022 3857 ipsius
2054 3763 2331 3833 hahere
2360 3759 2683 3855 gratiam

495 3861 892 3959 supplicat,
949 3871 1029 3932 et.
1065 3884 1240 3932 esse
1278 3860 1472 3932 velle
1511 3863 1603 3932 ad
1642 3885 1863 3934 suum
1904 3871 1977 3933 et
2014 3861 2337 3934 ecclesie
2378 3860 2679 3933 manda-

492 3971 648 4033 tum
692 3960 1014 4058 exponit.

646 4061 942 4158 Papalis
991 4059 1368 4132 exercitus
1412 4057 1709 4134 firmata
1765 4062 2151 4136 obsidione
2202 4085 2436 4159 super
2470 4058 2683 4131 Caia-

493 4161 700 4255 tiam,
740 4159 1110 4234 machinis
1149 4171 1226 4233 et
1261 4159 1537 4233 vilibus
1578 4163 1737 4235 suis
1772 4162 1975 4236 illam
2014 4160 2568 4234 vehementer
2550 4183 2683 4232 lm·

494 4271 814 4357 pugnat3
848 4271 924 4334 et
949 4261 1124 4333 licet
1149 4263 1683 4358 occupaverint
1712 4263 2116 4358 civitatem⁷
2145 4286 2401 4334 arcem
2424 4272 2681 4334 tamen
