3050 4900
1133 479 1215 548 A.
1278 477 1489 551 1216.
1554 478 1764 551 1217.
2447 480 2539 550 41

501 679 640 752 Hic
676 678 962 750 honore
1001 677 1246 751 debito
1286 680 1377 750 ad
1409 677 1804 750 Perusium
1843 676 2254 750 tumulatus
2290 687 2435 776 est,
2472 688 2547 750 et

353 781 678 857 Cencius
731 789 1165 852 sanctorum
1209 778 1559 852 {ohannis
1599 788 1673 851 et
1712 778 1916 850 Pauli
1958 782 2351 875 presbyter
2388 803 2545 852 car-

351 882 646 977 dinalis,
683 880 758 952 in
799 903 1073 978 papam
1111 879 1522 952 Honorium
1563 878 2007 952 substitutus
2048 891 2167 952 est
2202 879 2325 951 illi.
2403 879 2545 968 Qui

351 987 444 1056 de
496 983 681 1056 tanti
737 982 970 1080 patris
1021 980 1224 1053 obitu
1277 991 1353 1052 et
1403 1003 1538 1053 sua
1583 980 2051 1078 promotione
2092 981 2363 1078 ubique
2400 991 2545 1052 ter-

352 1109 606 1156 rarum
642 1084 931 1155 litteras
969 1082 1218 1178 dirigit
1246 1082 1672 1178 generales,
1736 1081 1875 1153 Hic
1904 1095 2171 1154 mense
2203 1082 2545 1180 Septem-

353 1185 504 1260 bris
535 1189 626 1258 de
651 1183 958 1257 Perusio
981 1186 1074 1255 ad
1096 1184 1374 1256 Urbem
1404 1182 1619 1274 redit,
1646 1181 1767 1255 ubi
1799 1205 1967 1254 cum
1999 1183 2232 1255 multo
2259 1185 2545 1255 honore

355 1312 394 1358 a
435 1285 794 1358 Romanis
833 1284 1178 1360 omnibus
1217 1294 1570 1382 receptus
1612 1292 1749 1356 est.
1971 1284 2132 1355 Hoc
2169 1308 2365 1355 anno
2405 1285 2547 1356 fer-

352 1387 581 1462 tilitas
622 1410 896 1481 magna
936 1385 1090 1458 fuit.
1272 1385 1496 1456 Filius
1538 1384 1739 1481 regis
1778 1384 2086 1456 Francie
2127 1408 2298 1456 cum
2339 1409 2547 1457 exer-

357 1489 506 1560 citu
563 1513 700 1560 suo
751 1487 1054 1558 intravit
1103 1485 1492 1581 Angliam,
1550 1497 1624 1557 et
1681 1510 1772 1557 ex
1824 1507 1913 1556 ea
1966 1509 2113 1556 non
2173 1486 2543 1560 modicam

353 1599 650 1688 partem
707 1587 1058 1686 optinuit3
1115 1597 1424 1683 propter
1477 1589 1669 1683 quod
1731 1609 1865 1683 per
1914 1596 2143 1658 totam
2204 1587 2545 1684 Aug-liam

355 1688 1052 1762 excommunicatus
1105 1697 1259 1784 est,
1312 1711 1508 1784 papa
1562 1690 1987 1759 mandante.
2087 1685 2241 1758 Rex
2279 1686 2547 1783 Anglie

357 1791 558 1888 obiit,
615 1801 689 1863 et
724 1787 918 1862 filius
961 1789 1122 1861 eius
1163 1799 1565 1860 coronatur
1601 1787 1673 1858 in
1714 1811 1998 1882 regem.

1332 2007 1582 2094 1217.

508 2188 773 2259 Petrus
809 2184 1424 2256 Altisiodorensis
1466 2207 1723 2256 comes
1763 2183 1837 2255 in
1876 2183 2550 2282 Constantinopoli-

358 2298 622 2360 tanum
670 2286 1204 2383 imperatorem
1259 2284 1583 2378 electuS,
1639 2286 1957 2358 Romam
2012 2283 2326 2357 veniens
2380 2308 2549 2358 cum

361 2397 716 2463 consorte
766 2411 902 2460 sua
957 2391 1049 2459 ab
1103 2386 1430 2460 Honorio
1483 2410 1681 2485 papa
1734 2389 1928 2485 apud
1966 2386 2328 2460 Sanctum
2364 2386 2553 2459 Lau-

361 2489 688 2563 rentium
729 2499 936 2561 extra
977 2512 1232 2560 muros
1261 2488 1476 2562 Urbis
1516 2488 1590 2559 in
1631 2488 2167 2585 imperatorem
2208 2499 2284 2561 et
2316 2489 2553 2586 impe-

361 2590 711 2663 ratricem
773 2599 1245 2674 coronantur.
1342 2589 1485 2676 Qui
1535 2613 1851 2685 regnum
1906 2590 2301 2685 intranteS‚
2356 2600 2431 2662 et
2467 2613 2552 2662 se

362 2690 868 2765 Brundusium
907 2691 1384 2761 conferentes
1435 2715 1605 2761 cum
1646 2692 1968 2763 honesto
2007 2690 2305 2763 militari
2346 2714 2552 2762 exer-

365 2794 551 2888 citu,
621 2791 716 2864 ibi
773 2791 1156 2863 dominum
1213 2791 1631 2862 Iohannem
1692 2794 1783 2863 de
1838 2792 2257 2888 Columpna
2323 2790 2557 2862 cardi-

365 2894 614 2965 nalem
674 2892 748 2963 in
806 2890 1528 2988 Constantinopolim
1584 2892 1917 3004 legatum
1970 2901 2367 2962 venturum
2434 2916 2557 2963 ex-

363 3004 694 3093 pectant,
735 3017 904 3065 cum
944 3016 1088 3093 quo
1125 2992 1453 3064 infausto
1484 2992 1670 3064 satis
1700 2991 1954 3064 omine
1984 2991 2285 3089 navigio
2317 3003 2557 3064 trans·

364 3097 766 3189 fretanteS,
847 3097 934 3166 ad
1000 3104 1298 3206 portum
1364 3092 1715 3166 Duracliii
1777 3102 2306 3190 pervenerunt
2412 3091 2557 3180 Qui

365 3219 598 3295 pravo
636 3195 837 3268 ducti
876 3194 1212 3285 consiliu,
1267 3194 1740 3292 imperatrice
1800 3218 1931 3266 eos
1972 3219 2109 3292 per
2144 3218 2354 3266 mare
2397 3219 2558 3292 pre-

367 3306 594 3369 eunte
624 3298 712 3367 ad
745 3296 1124 3367 civitatem
1151 3295 1988 3368 Bizantea1m01›side1e
2022 3304 2095 3366 et
2118 3319 2555 3392 expugnare

367 3398 854 3494 previderunt
908 3395 1406 3490 Durachium3
1461 3406 1537 3467 et
1588 3419 1755 3467 cum
1811 3395 1989 3467 viris
2043 3419 2187 3467 non
2244 3395 2558 3493 profice-

365 3508 537 3570 rent
589 3506 716 3569 aut
766 3496 1043 3569 viribus
1101 3496 1296 3592 suis,
1364 3499 1455 3569 ab
1511 3496 1896 3569 obsidione
1950 3495 2269 3569 civitatis
2318 3497 2557 3595 ipsius

370 3598 696 3695 digressi
748 3608 942 3671 sunt.
1050 3597 1191 3685 Qui
1245 3607 1587 3669 errantes
1637 3621 1775 3695 per
1810 3598 2023 3669 devia
2065 3608 2140 3669 et
2176 3601 2557 3670 condensa

368 3700 775 3795 sylvarum,
829 3723 870 3770 a
923 3698 1184 3771 Grecis
1233 3698 1628 3795 intercepti
1685 3708 1884 3793 sunt,
1938 3701 2031 3770 de
2070 3697 2337 3795 quibus
2376 3721 2560 3769 non-

367 3801 550 3873 nulli
585 3801 656 3872 in
697 3823 827 3871 ore
858 3800 1080 3896 gladii
1111 3798 1518 3897 perierunt,
1559 3798 1893 3871 nonnulli
1921 3822 2101 3870 vero
2134 3800 2328 3897 capti
2360 3808 2559 3891 sunt,

371 3912 446 3974 et
483 3899 841 3973 carcerali
882 3901 1232 3997 squalore
1270 3924 1418 3972 una
1461 3925 1630 3973 cum
1670 3901 1834 3997 ipso
1882 3898 2341 3995 imperatore
2389 3923 2560 3970 con-

370 4001 670 4098 sumpti.
736 4002 908 4100 Ipse
948 4000 1175 4072 etiam
1215 4001 1607 4074 cardinalis
1642 4011 1904 4100 captus
1938 4010 2055 4072 est
2084 4011 2159 4072 et
2185 4002 2559 4073 detentus,

517 4104 677 4177 Hoc
733 4126 930 4174 anno
989 4102 1276 4174 navalis
1331 4102 1721 4175 Frisonum
1784 4101 2159 4173 exercitus
2216 4101 2559 4175 Gaietam

280 4266 288 4273 .
367 4202 1295 4299 veniens71herosolimam
1317 4203 1603 4276 vaditin
1626 4201 2037 4275 subsidium
2055 4212 2253 4274 terre
2274 4213 2558 4275 sancte.

364 4301 847 4377 lanuensium
881 4327 1206 4401 quoque,
1231 4302 1627 4400 Venetum,
1666 4303 2108 4376 pisanorum
2142 4315 2215 4377 et
2242 4304 2556 4377 aliorum
