3050 4900
461 387 598 455 144
855 377 1423 452 RYCCARDUS
1478 378 1602 452 DE
1656 378 1729 451 S.
1785 378 2246 451 GERMANO

455 582 592 653 rati
651 579 899 679 posuit
951 588 1198 651 castra
1257 603 1434 675 sua
1502 578 1993 675 Campaniam
2057 580 2336 651 intiare
2402 580 2649 694 dispo-

455 706 667 755 nens.
742 680 985 767 Quam
1026 704 1171 750 non
1214 679 1538 774 intravit,
1591 703 1774 751 usus
1816 678 2127 751 consilio
2169 680 2472 774 saniori,
2529 689 2648 752 set

452 807 592 881 per
628 782 896 855 Soram
937 790 1011 853 et
1046 780 1405 852 Marsiam
1459 779 1723 852 direxit
1772 779 1844 851 in
1884 782 2190 852 Ancone
2231 781 2646 852 marchiam

455 906 769 980 gressus
811 904 1011 953 suos.

606 985 712 1057 Eo
739 1006 1002 1054 mense
1025 981 1357 1053 Thomas
1389 980 1631 1053 dictus
1654 981 1923 1053 Molisii
1952 1005 2211 1053 comes
2244 985 2437 1079 apud
2464 981 2649 1077 Spo-

455 1085 716 1180 letum7
771 1107 915 1180 que
957 1106 1042 1153 se
1080 1106 1214 1178 pro
1255 1106 1448 1179 papa
1488 1086 1817 1177 tenebat⁷
1874 1105 2045 1153 cum
2082 1083 2423 1155 ducentis
2464 1080 2651 1153 mili-

455 1185 649 1257 tibus
684 1210 724 1255 a
755 1206 948 1281 papa
983 1182 1337 1279 dirigitur.
1378 1182 1745 1254 Henricus
1771 1207 1901 1254 rex
1926 1182 2406 1280 imperatoris
2429 1182 2651 1278 filius,

455 1296 709 1358 tentus
749 1284 823 1355 in
861 1307 1082 1354 rocca
1113 1282 1366 1356 Sancti
1394 1281 1659 1354 Felicis
1690 1282 1763 1354 in
1784 1283 2087 1396 ‘Apulia.,
2125 1285 2199 1355 in
2232 1283 2651 1358 Calabriam

463 1385 996 1458 custodiendus
1029 1386 1223 1482 apud
1253 1382 1798 1455 Neocastrum
1779 1408 1991 1457 iussu
2018 1384 2257 1482 patris
2290 1384 2653 1481 dirigitur,

461 1496 538 1560 et
575 1486 841 1558 exinde
882 1495 1062 1582 aput
1098 1484 1608 1555 Martoranum
1651 1485 1930 1557 missus
1972 1496 2108 1558 est

607 1588 871 1659 Mense
912 1584 1070 1657 lulii
1111 1608 1246 1681 per
1278 1594 1518 1657 totum
1557 1608 1879 1682 regnum
1917 1585 2126 1659 iussu
2174 1560 2651 1682 imperatoris

464 1691 554 1760 ab
617 1687 759 1759 hiis
824 1686 1169 1758 omnibus
1228 1685 1492 1781 quibus
1547 1709 1684 1783 per
1738 1686 2099 1759 officiales
2166 1710 2345 1758 suos
2408 1686 2653 1783 aliqua

461 1788 674 1859 fuere
713 1784 1121 1858 commissa
1163 1784 1434 1875 officia,
1475 1796 1679 1857 certa
1720 1787 2042 1883 exigitur
2079 1787 2393 1885 pecunie
2425 1810 2654 1883 quan-

462 1888 680 1983 titas3
724 1897 799 1958 et
831 1897 1012 1957 tunc
1049 1886 1348 1982 quidam
1389 1888 1479 1957 de
1518 1885 1795 1958 Sancto
1835 1888 2212 1960 Germano
2252 1912 2389 1986 per
2425 1911 2656 1985 quen-

464 1991 634 2060 dam
675 1986 1168 2061 Octavianum
1210 1986 1545 2059 Siculum
1603 1988 1831 2060 taxati
1879 1989 2177 2060 fuerunt
2227 1988 2299 2059 in
2342 1991 2487 2063 200
2526 2013 2657 2059 un-

467 2088 621 2160 cias
661 2088 840 2159 auri.

615 2188 1046 2285 Stephanus
1103 2187 1541 2270 Casinensis
1595 2193 1825 2262 abbas
1882 2214 2199 2262 movens
2248 2193 2339 2261 de
2378 2190 2655 2261 Sancto

466 2290 846 2361 Germano
913 2291 1002 2360 ad
1066 2287 1597 2385 imperatorem
1623 2344 1643 2384 .,
1724 2290 1845 2387 qui
1913 2302 2072 2363 erat
2134 2291 2206 2361 in
2272 2288 2657 2364 obsidione

467 2389 745 2484 Asculi7
802 2390 874 2462 in
913 2389 1325 2461 Marchiam
1364 2389 1587 2462 vadit.

618 2493 900 2563 Eodem
933 2512 1199 2562 mense
1228 2491 1437 2562 iussu
1473 2490 1843 2588 capitanei
1873 2492 1947 2562 in
1978 2492 2253 2565 Sancto
2280 2492 2663 2565 Germano

474 2601 722 2662 certus
780 2590 1095 2661 militum
1138 2614 1496 2662 numerus
1540 2603 2064 2688 congregatur.
2163 2595 2370 2666 Tunc
2409 2602 2662 2666 amoto

475 2694 566 2764 de
595 2713 816 2762 rocca
846 2690 1103 2763 Ianule
1135 2690 1529 2764 Guilielmo
1562 2696 1653 2765 de
1684 2693 2006 2790 Spinosa
2039 2694 2477 2789 castellano7
2507 2693 2665 2789 qui-

473 2796 646 2865 dam
685 2791 1059 2864 lohannes
1102 2796 1192 2866 de
1231 2793 1765 2866 Trentenariaa
1804 2818 1941 2891 per
1976 2796 2508 2892 imperatorem
2552 2803 2667 2866 est

477 2904 798 2965 statutus
831 2894 903 2964 in
939 2917 1048 2965 ea.
1107 2894 1523 3008 Imperator
1551 2904 1797 2966 castra
1822 2919 1959 2967 sua
1981 2920 2298 2968 movens
2324 2899 2415 2968 ab
2431 2897 2664 2968 Ascu-

474 2995 574 3085 lo.,
628 2993 998 3091 processit
1034 3017 1304 3065 versus
1345 2995 1722 3066 civitatem
1751 2995 2203 3091 Firmanam,
2243 3023 2281 3068 a
2325 3021 2469 3092 quo
2503 2997 2663 3068 Ste-

475 3095 772 3191 phanus
815 3093 1253 3167 Casinensis
1311 3098 1539 3166 abbas
1594 3119 1761 3165 cum
1815 3096 2050 3193 ipsius
2094 3097 2395 3169 licentia
2432 3097 2667 3170 disce

478 3196 693 3289 dens,
731 3192 1072 3264 infirmus
1112 3196 1204 3266 ad
1244 3194 1644 3267 ecclesiam
1688 3220 1902 3268 suam
1944 3198 2184 3270 sancti
2209 3195 2667 3271 Liberatoris

479 3319 564 3368 se
623 3293 957 3388 contulit,
1013 3293 1133 3365 ubi
1194 3296 1432 3367 donec
1489 3297 1868 3370 convaluit
1916 3323 2208 3370 moram
2260 3299 2458 3371 fecit.
2562 3298 2669 3370 Eo

481 3418 748 3468 mense
797 3403 1061 3491 captus
1119 3405 1237 3467 est
1289 3396 1503 3470 iussu
1557 3398 2028 3496 imperatoris
2082 3399 2450 3496 magister
2484 3400 2672 3492 Ray-

483 3494 750 3567 naldus
790 3497 880 3565 de
919 3496 1180 3589 Cayra

628 3596 892 3667 Mense
954 3595 1273 3709 Augusti
1347 3597 1609 3672 civitas
1681 3600 2219 3672 Beneventana
2292 3599 2674 3674 obsidetur

480 3696 694 3769 iussu
724 3696 1222 3794 imperatoris,
1277 3699 1695 3797 Imperator
1721 3699 1886 3797 ipse
1917 3701 2292 3775 civitatem
2314 3699 2673 3774 Faventie

483 3807 722 3870 arctat
759 3807 834 3868 et
870 3797 1180 3870 obsidet.

634 3897 898 3970 Mense
923 3898 1390 4011 Septembris
1420 3900 1640 3996 galee
1662 3902 1975 3975 Venetie
1996 3902 2508 3976 discurrentes
2540 3924 2679 3999 per

484 4019 804 4092 regnum
843 3998 916 4068 in
957 3999 1205 4072 odium
1246 3999 1749 4096 imperatoris,
1804 4003 2199 4076 Termulas
2237 4006 2547 4075 Vestam
2604 4009 2680 4072 et

487 4101 850 4192 quasdam
890 4100 1075 4172 alias
1107 4099 1372 4196 Apulie
1409 4111 1653 4174 terras
1694 4103 2109 4200 capientes,
2147 4107 2682 4177 destruxerunt

488 4219 536 4288 a)
577 4219 876 4275 Trentena?
915 4240 959 4277 c.
