3050 4900
494 421 592 496 22
900 420 1464 495 RYCCARDUS
1517 421 1641 497 DE
1695 422 1768 496 S.
1826 422 2285 496 GERMANO

497 624 849 718 cedebat,
922 631 994 694 et
1057 621 1488 718 predicabat
1554 633 1629 694 ut
1691 647 1957 698 omnes
2015 627 2107 696 de
2164 648 2399 720 regno
2460 648 2545 696 se
2597 627 2687 698 ad

499 724 1009 799 Marcualdum
1067 732 1597 798 converterent
1650 733 1721 796 et
1762 723 1975 820 regni
2014 724 2317 799 ballium
2355 725 2690 804 iurarent

501 823 792 919 eidem,
859 848 902 898 a
958 822 1356 900 Guilielmo
1405 823 1721 896 Casei-te
1775 825 2046 898 comite
2100 837 2363 922 captus
2419 836 2563 921 est,
2617 837 2693 898 et

499 925 824 1022 quandiu
865 923 1046 996 vixit
1084 947 1254 996 eum
1293 924 1535 996 tenuit
1564 925 2057 1022 vinculatum3
2098 937 2217 1002 set
2246 951 2335 999 eo
2366 937 2689 1023 mortuo,

499 1025 944 1102 Guilielmus
996 1023 1194 1098 filius
1250 1025 1410 1099 eius
1464 1036 1776 1124 accepta
1829 1026 1981 1098 filia
2036 1027 2199 1100 eius
2235 1027 2309 1099 in
2350 1052 2690 1124 uxorem,

495 1127 814 1204 liberum
869 1125 1146 1203 dimisit
1199 1125 1428 1200 illum.
1526 1127 1999 1200 Marcualdus
2050 1153 2231 1200 vero
2283 1131 2373 1201 ad
2424 1129 2689 1228 Apulie

500 1237 754 1325 partes
795 1251 880 1301 se
921 1227 1352 1322 conferens,
1399 1227 1821 1306 Avellinum
1862 1230 2183 1323 obsedit,
2238 1241 2313 1308 et
2363 1253 2533 1307 cum
2583 1230 2689 1304 in-

499 1327 682 1406 colis
724 1327 1039 1404 civitatis
1083 1351 1577 1426 componens,
1616 1329 1968 1408 discessit
2006 1334 2095 1403 ab
2134 1330 2559 1424 obsidione3
2617 1341 2691 1402 et

497 1431 919 1526 procedens
969 1427 1142 1502 inde
1190 1429 1597 1524 Vallatam.,
1665 1433 2036 1526 quoddam
2087 1432 2342 1504 casale
2398 1431 2689 1528 Apulie‚

497 1529 568 1606 vi
637 1531 833 1628 cepit
900 1540 974 1604 et
1034 1529 1189 1602 suis
1254 1530 1456 1602 dedit
1525 1531 1598 1604 in
1664 1531 2163 1628 direptionem
2228 1544 2301 1604 et
2352 1535 2687 1630 predam.

499 1631 710 1707 Tunc
765 1631 1026 1708 Petrus
1077 1630 1336 1702 Celani
1393 1656 1651 1705 comes
1708 1633 1797 1703 de
1847 1632 2124 1706 Marsia
2181 1633 2384 1707 venit
2434 1633 2507 1706 in
2544 1644 2689 1706 ter·

498 1755 664 1810 ram
697 1730 1030 1806 Laboris.
1137 1733 1611 1808 Marcualdus
1651 1756 1829 1809 vero
1869 1735 1961 1810 de
1999 1732 2263 1832 Apulia
2302 1758 2437 1831 per
2473 1733 2689 1830 Capi-

497 1833 812 1909 tinatam
867 1831 1168 1908 rediens
1229 1831 1297 1902 in
1359 1834 1713 1909 comitatu
1766 1833 2061 1928 Molisii,
2117 1834 2463 1912 Sernie1⁷
2516 1833 2688 1906 civi-

496 1941 758 2027 tatem,
799 1956 970 2008 curn
1011 1933 1420 2006 exercitum
1459 1945 1720 2012 tenere
1762 1959 1912 2008 non
1947 1947 2239 2031 posset,
2277 1935 2490 2008 bonis
2524 1959 2689 2032 pro·

494 2033 677 2131 priis
718 2031 1090 2130 spoliavit,
1141 2045 1215 2107 et
1269 2037 1687 2131 procedens
1728 2059 1997 2112 versus
2034 2047 2316 2111 terram
2351 2036 2688 2130 Laboris,

497 2145 574 2208 et
609 2135 948 2212 Teanum
986 2157 1462 2232 oppugnans7
1521 2159 1795 2234 capere
1848 2137 1917 2208 vi
1976 2163 2124 2211 non
2175 2136 2413 2236 potuit
2460 2135 2686 2210 illam.

496 2236 776 2314 Exinde
815 2235 1212 2310 Salernum
1255 2261 1338 2309 se
1381 2237 1717 2332 contulit,
1771 2263 1915 2334 que
1966 2249 2144 2312 tunc
2195 2237 2449 2312 comiti
2499 2238 2689 2331 Dyo-

499 2337 722 2434 puldo
778 2336 1113 2431 favebat3
1171 2348 1246 2408 et
1301 2338 1467 2412 inde
1529 2349 1789 2434 parato
1842 2340 2177 2434 navigio,
2230 2338 2303 2410 in
2356 2337 2685 2410 Siciliam

495 2437 956 2533 transfretat,
1014 2447 1085 2510 et
1136 2437 1590 2511 panormum
1647 2462 2090 2535 properans⁷
2149 2438 2342 2512 facta
2390 2462 2691 2535 compo·

497 2537 769 2615 sitione
823 2562 995 2612 cum
1050 2538 1324 2611 comite
1375 2539 1647 2615 Gentili
1699 2541 1788 2625 de
1830 2538 2167 2611 Palearia
2204 2562 2427 2635 quem
2468 2538 2689 2611 Gual-

494 2638 729 2717 terius
793 2637 1007 2733 regni
1055 2637 1304 2714 Sicilie
1362 2638 1853 2713 cancellarius
1914 2641 2304 2713 custodem
2359 2638 2565 2735 regis
2616 2650 2691 2711 et

495 2739 750 2838 palatii
781 2739 1208 2834 reliquerat,
1237 2739 1596 2837 palatium
1628 2740 1976 2815 Panormi
2006 2742 2267 2854 recipit
2298 2742 2387 2813 ad
2420 2765 2688 2816 manus

499 2865 720 2935 suas.,
793 2851 866 2915 et
917 2839 1025 2912 sic
1079 2849 1308 2919 totam
1367 2852 1635 2939 postea
1688 2840 2016 2917 Siciliam
2082 2866 2239 2914 suis
2302 2841 2513 2915 nisus
2574 2851 2692 2913 est

497 2941 780 3019 viribus
833 2941 1261 3037 subiugare.
1367 2942 1745 3020 Roffridus
1800 2940 2239 3015 Casinensis
2292 2946 2523 3023 abbas
2572 2966 2690 3015 ca-

501 3053 739 3120 strum
781 3042 1032 3119 Sancti
1074 3044 1341 3139 Angeli
1379 3052 1778 3140 recuperat
1795 3053 1845 3119 ²¹.

652 3142 926 3219 Contra
977 3142 1228 3240 ipsum
1274 3143 1811 3237 Marcualdum,
1868 3153 1943 3222 et
1978 3142 2181 3239 regis
2219 3154 2395 3216 tunc
2434 3141 2690 3241 pupilli

499 3243 856 3320 auxilium
917 3244 1156 3321 dictus
1207 3244 1687 3320 Innocentius
1754 3268 1947 3342 papa
2012 3246 2388 3339 quendam
2443 3242 2689 3339 dirigit

498 3344 847 3424 Iacobum
869 3346 1142 3425 Andrie
1167 3356 1430 3443 postea
1465 3345 1845 3437 comitem,
1880 3345 2411 3419 consobrinum
2440 3368 2687 3438 suum⁷

501 3469 670 3517 cum
707 3445 1002 3524 militari
1035 3448 1392 3540 exercitu,
1431 3470 1600 3519 cum
1634 3470 1780 3541 quo
1818 3471 2048 3523 unum
2089 3445 2294 3523 misit
2330 3447 2420 3519 de
2461 3444 2691 3522 cardi·

500 3545 822 3640 nalibus.,
874 3572 1101 3643 quem
1147 3547 1290 3644 ipsi
1330 3546 1779 3625 consobrino
1817 3570 1955 3619 suo
1997 3558 2071 3619 et
2110 3545 2465 3619 exercitui
2504 3544 2689 3619 mili-

497 3658 656 3727 tum
686 3647 1036 3745 prefecit3
1076 3648 1198 3745 qni
1227 3648 1475 3745 ipsum
1507 3648 2015 3725 Marcualdum
2058 3647 2465 3744 campestri
2494 3646 2687 3717 bello

499 3749 772 3825 devicit
809 3760 883 3822 et
919 3749 1274 3845 fugavit&
1314 3760 1386 3825 et
1418 3759 1575 3823 toto
1600 3759 1780 3823 tunc
1812 3772 2046 3843 regno
2077 3758 2411 3851 optenta,
2449 3745 2687 3821 dictus

499 3848 894 3925 cardinalis
934 3849 1007 3922 in
1047 3849 1293 3926 Sicilia
1335 3849 1695 3928 transivit.

497 4002 546 4072 a)
597 4002 872 4055 Roffridus
918 4034 974 4043 —
1024 4014 1300 4073 recuperat
1336 4006 1571 4059 secunda
1608 4018 1785 4057 manu.
2001 4001 2055 4071 b)
2108 4006 2322 4056 exstant
2356 4008 2555 4055 tantum
2591 4016 2690 4055 re-

497 4079 692 4145 liquiae
737 4078 1058 4131 letter-arum:
1112 4078 1318 4147 fugauit
1361 4119 1410 4132 ..
1437 4116 1448 4130 .
1473 4116 1486 4129 .
1513 4117 1525 4129 .
1569 4076 1651 4129 R.
1680 4110 1879 4128 ......
1925 4071 1966 4126 C
1992 4112 2003 4127 .
2030 4114 2041 4127 .
2068 4116 2081 4129 .
2106 4115 2117 4127 .
2144 4114 2156 4126 .
2218 4072 2273 4127 S.
2312 4077 2520 4145 reliqua
2554 4092 2689 4143 sup-

493 4150 640 4217 plere
677 4154 898 4235 conatu-r
930 4166 1062 4208 sum.

503 4264 600 4345 17)
648 4266 684 4329 i.
733 4287 792 4347 q.
838 4265 1133 4326 Iserniae.
