3050 4900
471 459 568 531 54
875 403 1440 528 RYCCARDUS
1495 455 1617 526 DE
1672 454 1743 526 s.
1802 453 2261 529 GERMANO

472 667 630 728 tum
659 667 736 726 et
759 655 1279 751 servientium,
1319 679 1505 752 quos
1539 658 1627 727 ad
1659 656 2141 730 debellandos
2172 658 2308 730 sibi
2342 659 2663 732 rebelles

475 754 937 830 Sarracenos
993 755 1244 829 Sicilie
1297 766 1701 852 statuerat,
1756 768 2038 832 certam
2090 760 2411 856 pecunie
2470 785 2670 833 sum--

476 883 680 930 mam
733 881 870 955 per
921 867 1160 929 totum
1213 881 1535 954 regnum
1589 860 1895 931 mandat
1932 859 2181 956 colligi
2218 861 2667 958 imperator3

475 971 549 1031 et
583 968 761 1031 tunc
789 982 927 1056 per
955 961 1329 1055 quendam
1357 959 1679 1030 iudicem
1705 961 2086 1032 Urbanum
2117 963 2211 1033 de
2237 959 2493 1034 Teano
2524 955 2687 1035 col-'

476 1061 668 1133 lecte
699 1060 1000 1132 fuerunt
1028 1063 1121 1162 de
1147 1070 1347 1131 terra
1377 1059 1632 1132 Sancti
1653 1061 2035 1133 Benedicti
2070 1062 2287 1133 uncie
2318 1063 2475 1134 auri
2502 1067 2665 1137 300.

1451 1231 1699 1320 1224.

625 1373 815 1447 Dicti
861 1375 1260 1446 Fundanus
1317 1377 1779 1448 Casertanus
1818 1375 2135 1447 Avellini
2190 1386 2264 1448 et
2318 1373 2667 1446 Tricarici

477 1476 795 1550 comites
859 1475 934 1546 in
995 1473 1243 1548 Sicilia
1309 1480 1400 1549 ab
1453 1476 1911 1574 imperatore
1962 1477 2243 1549 detenti
2298 1480 2390 1548 ad
2447 1477 2668 1548 inter-

477 1587 786 1650 ventum
825 1577 1128 1648 Honorii
1167 1601 1363 1675 pape
1403 1577 1697 1650 dimissi
1738 1589 1911 1650 sunt
1946 1577 2184 1673 liberi,
2238 1587 2312 1651 et
2348 1601 2669 1674 regnum

480 1687 781 1774 exeunt.)
836 1677 990 1750 suis
1043 1689 1300 1750 tamen
1343 1676 1513 1751 filiis
1557 1689 1631 1750 et
1668 1678 2064 1777 nepotibus
2104 1703 2239 1777 pro
2281 1702 2365 1751 se
2404 1678 2669 1750 obsidi-

479 1785 616 1853 bus
657 1778 870 1850 datis.

628 1880 788 1951 Hoc
817 1903 1012 1950 anno
1045 1879 1446 1950 Pandulfus
1476 1878 1952 1974 Verracel.²⁵‚
1990 1879 2487 1952 Norwicensis
2522 1878 2673 1977 epi-

481 2003 786 2078 scopus7
835 1982 988 2052 ‘duo
1047 2003 1238 2050 nova
1291 1980 1565 2078 palatia
1620 2005 1765 2078 que
1819 1991 1991 2052 sunt
2044 1981 2117 2052 in
2176 1981 2378 2052 curia
2417 1981 2672 2053 Sancti

481 2080 837 2156 Germani
897 2082 1050 2152 suis
1111 2081 1535 2178 sumptibus
1588 2085 1675 2154 ad
1734 2106 1923 2179 opus
1982 2085 2288 2154 mandat
2342 2081 2671 2153 construi

483 2181 920 2259 monasterii
963 2182 1418 2254 CasinensiS.

633 2284 998 2358 Henricus
1029 2287 1119 2355 de
1151 2283 1396 2355 Morra
1427 2282 1637 2356 iussu
1670 2282 2040 2380 imperiali
2062 2282 2528 2357 Celanenses
2561 2305 2673 2353 re-

484 2397 704 2462 vocat
741 2386 1012 2483 ubique
1051 2385 1464 2483 dispersos,
1503 2395 1582 2456 ut
1620 2387 1709 2457 ad
1748 2384 2048 2483 propria
2082 2388 2419 2479 redeant,
2462 2393 2537 2455 et
2561 2407 2675 2457 re-

486 2494 802 2564 deuntes
843 2486 1042 2585 capit
1072 2497 1146 2558 et
1174 2487 1244 2557 in
1275 2485 1602 2559 Siciliam
1637 2486 1884 2582 mittit,
1923 2510 2111 2584 quos
2142 2488 2335 2584 apud
2369 2486 2675 2557 Maltam

485 2589 733 2687 dirigit
768 2589 1196 2686 imperator.

633 2692 894 2763 Mense
925 2686 1705 2784 madii-inquisitiones
1746 2686 1933 2759 fiunt
1967 2686 2425 2785 imperatore
2465 2710 2673 2759 man·

483 2796 737 2887 dante,
790 2793 880 2863 de
925 2788 1259 2863 collectis
1301 2798 1372 2860 et
1411 2788 1685 2883 talleis,
1742 2790 1831 2859 de
1888 2788 2215 2885 rupturis
2255 2792 2675 2883 domorum,

485 2898 576 2968 de
617 2916 828 2965 arma
865 2890 1358 2989 portantibus,
1414 2893 1505 2962 de
1544 2888 1917 2961 lusoribus
1956 2890 2400 2962 taxillorum.

633 2996 898 3067 Mense
920 2993 1104 3065 Iunii
1135 2990 1611 3064 summitates
1639 3013 2024 3061 murorum
2048 2990 2303 3065 Sancti
2324 2990 2678 3063 Germani

488 3093 780 3168 noviter
815 3102 1161 3191 reparate
1201 3091 1361 3161 solo
1401 3100 1858 3163 sternuntur.

635 3195 898 3266 Mense
937 3191 1096 3265 Iulii
1135 3216 1266 3289 pro
1308 3190 1717 3263 ordinando
1749 3192 1993 3264 studio
2020 3191 2511 3290 Neapolitano
2539 3192 2677 3263 im-

486 3304 789 3394 perator
819 3293 1090 3391 ubique
1121 3317 1258 3391 per
1279 3316 1598 3389 regnum
1632 3292 1850 3365 mittit
1870 3294 2159 3365 litteras
2178 3292 2577 3390 generales
2594 3293 2673 3365 2⁶.

633 3396 793 3467 Hoc
833 3420 1027 3467 anno
1068 3396 1477 3493 imperator
1515 3394 1922 3468 Minianum
1962 3394 2033 3465 in
2080 3394 2509 3467 demanium
2564 3418 2674 3467 re-

488 3496 548 3568 ci
609 3494 681 3569 it.

556 3522 601 3594 p
635 3596 823 3669 Muri
875 3595 1129 3669 Sancti
1179 3595 1531 3669 Germani
1586 3605 1895 3693 optentu
1948 3596 2289 3692 magistri
2340 3596 2537 3668 Petri
2602 3606 2676 3667 et

486 3698 829 3795 magistri
894 3696 1200 3769 Rofffidi
1264 3700 1356 3769 de
1421 3697 1698 3769 Sancto
1762 3695 2185 3792 Germano,
2263 3696 2674 3794 imperialis

489 3798 693 3871 curie
745 3798 1100 3895 iudicum,
1157 3798 1425 3893 integri
1480 3806 1903 3892 remanent,
1961 3796 2414 3895 imperatore
2471 3822 2676 3869 man-

488 3901 731 3971 dante.
849 3927 855 3931 ·

488 4054 590 4136 25)
637 4053 894 4115 natione
943 4055 1266 4113 Romanus
1311 4051 1577 4111 Honorii
1612 4050 1717 4111 111.
1763 4051 2001 4131 legatus
2049 4052 2109 4113 in
2156 4050 2442 4130 Angliam
2490 4058 2551 4113 et
2597 4054 2675 4113 ab

489 4157 566 4197 eo
601 4136 934 4215 episcopus
968 4133 1384 4197 Norwicensis
1417 4134 1822 4209 constitutus;
1861 4158 1917 4197 v.
1952 4135 2417 4197 Bartholomaei
2450 4134 2677 4196 Cotton

491 4218 783 4281 monachi
815 4218 1232 4280 Norwicensis
1280 4216 1539 4279 historia
1588 4219 1665 4278 de
1711 4218 2028 4299 episcopis
2060 4218 2569 4281 Norwicensibus
2602 4221 2679 4279 ab

487 4324 542 4369 a.
591 4303 1024 4367 1142—1295.
1195 4302 1298 4383 26)
1349 4302 1504 4362 Petri
1555 4302 1631 4362 de
1674 4300 1871 4362 Vinea
1918 4303 2074 4383 Epp.
2122 4302 2223 4376 ln,
2274 4302 2542 4365 10-12.
