3050 4900
1279 459 1360 531 A.
1424 460 1637 532 1229.
2466 464 2563 535 75

365 659 748 735 nonninus
785 662 878 731 de
917 658 1323 733 maioribus
1357 659 1739 734 exercitus
1781 659 2120 755 veniens,
2176 664 2315 735 sub
2361 684 2563 735 com-

366 761 776 835 minatione
816 759 1304 858 depositionis
1345 771 1420 833 et
1445 759 1975 836 destiuctionis
2008 773 2371 858 perpetue
2406 786 2559 835 mo·

363 861 679 935 nasterii
717 864 1064 935 abbatem
1095 861 1470 973 prefatum
1502 870 1584 934 ut
1610 860 1751 933 sibi
1778 863 1868 933 ad
1904 865 2332 935 niandatum
2366 886 2559 961 pape

365 960 912 1035 monasterium
947 962 1299 1035 redderet
1337 972 1412 1033 et
1447 961 1699 1057 ipsum
1730 960 2203 1035 iustitiarium
2232 974 2301 1035 tr
2304 966 2562 1039 aderet

365 1062 440 1135 in
497 1086 768 1136 manus
823 1086 1004 1137 suas
1043 1059 1398 1135 inducere
1439 1061 1883 1157 procuravit.
1990 1062 2205 1149 Quod
2245 1087 2417 1135 cum
2458 1065 2559 1136 fa·

362 1186 540 1237 cene
581 1162 898 1235 omnino
945 1172 1324 1256 renueret,
1373 1161 1637 1237 dicens
1677 1164 1873 1258 quod
1910 1166 2195 1259 absque
2234 1164 2443 1259 gravi
2486 1174 2559 1236 et

363 1262 628 1359 grandi
667 1261 1000 1359 periculo
1027 1260 1190 1335 fieri
1211 1263 1366 1338 ,boc
1394 1286 1543 1336 non
1577 1272 1862 1359 posset,
1896 1262 2125 1359 longo
2154 1288 2388 1361 super
2416 1266 2561 1338 boc

364 1374 686 1437 tractatu
715 1362 1002 1457 habito,
1031 1386 1264 1458 quem
1303 1386 1449 1458 ego
1488 1362 1747 1437 nescio
1780 1363 1982 1435 Deus
2020 1364 2187 1457 scit⁷
2224 1389 2269 1435 a
2304 1364 2557 1460 legato

365 1475 444 1539 et
467 1464 628 1537 suis
661 1487 794 1560 pro
824 1462 1192 1558 magistro
1224 1462 1615 1536 iustitiario
1650 1474 1722 1539 et
1742 1462 1886 1535 hiis
1908 1462 2031 1559 qui
2056 1488 2319 1539 secum
2342 1476 2562 1539 erant

361 1563 678 1661 prestito
727 1562 1200 1657 iuramento,
1257 1566 1450 1659 quod
1507 1562 1697 1634 salvi
1746 1574 2053 1657 essent,
2106 1564 2247 1661 ipsi
2305 1564 2556 1661 legato

361 1664 604 1761 patuit
657 1664 1221 1737 monasterium.
1327 1662 1470 1749 Qui
1509 1663 1807 1739 statutis
1846 1663 1919 1735 in
1956 1686 2047 1741 eo
2090 1663 2443 1742 militibus
2480 1676 2559 1739 et

359 1764 864 1839 servientibus
905 1764 1098 1837 ultra
1135 1773 1467 1857 centum,
1525 1786 1699 1841 cum
1750 1767 2017 1839 abbate
2072 1776 2147 1837 et
2190 1764 2555 1861 magistro

363 1864 756 1941 iustitiario
820 1888 994 1936 mox
1057 1865 1149 1937 ad
1199 1863 1567 1940 Sanctum
1621 1863 2081 1939 Germanum
2144 1866 2555 1939 descendit.

359 1965 570 2053 Quos
611 1990 782 2040 cum
823 1964 1168 2039 homines
1202 1964 1462 2040 Sancti
1489 1964 1883 2059 Germani,
1940 1989 2397 2062 quamquam
2433 1988 2555 2039 se·

362 2066 530 2162 pius
582 2064 946 2161 requisiti,
999 2088 1147 2137 non
1203 2066 1679 2160 recepissent
1733 2064 1875 2137 nisi
1924 2065 2209 2137 scirent
2259 2066 2329 2137 in
2373 2089 2553 2139 vero

357 2167 614 2263 ipsum
670 2163 1144 2239 iustitiarium
1201 2162 1599 2237 liberatum
1649 2174 1725 2235 et
1772 2188 2000 2255 suoS,
2066 2188 2159 2239 ea
2206 2176 2429 2237 nocte
2478 2167 2556 2241 in

359 2271 597 2361 burgo
656 2264 1006 2339 exteriori
1055 2287 1186 2335 eos
1241 2264 1575 2361 oportuit
1640 2274 2102 2360 pernoctare.
2208 2267 2315 2339 Ea
2379 2290 2555 2339 vero

359 2377 584 2439 nocte
605 2388 872 2442 comes
901 2364 1060 2443 Rae
1088 2366 1182 2439 de
1211 2363 1545 2441 Balbano
1584 2388 1755 2439 cum
1796 2364 2175 2438 nonnullis
2214 2369 2307 2441 de
2344 2390 2557 2439 exer-

358 2469 509 2544 citu
549 2466 944 2564 imperiali,
983 2464 1110 2564 qui
1147 2489 1232 2540 se
1258 2466 1339 2541 in
1367 2465 1645 2540 Sancto
1674 2466 2054 2544 Germano
2084 2478 2556 2564 receperant,

357 2579 441 2640 et
475 2568 646 2665 plus
683 2571 776 2642 de
809 2579 1059 2640 morte
1109 2591 1333 2663 quam
1370 2569 1464 2639 de
1501 2566 1654 2642 vita
1688 2571 2103 2664 sperabant
2142 2609 2231 2620 —
2274 2578 2555 2642 metue·

357 2673 541 2742 bant
595 2667 826 2762 eni-m,
881 2691 974 2745 ne
1030 2692 1074 2738 a
1111 2667 1396 2744 civibus
1433 2667 1777 2741 hostibus
1818 2671 2291 2742 traderentur
2323 2706 2428 2727 ·——
2464 2673 2554 2744 ab

357 2768 504 2842 hiis
543 2767 669 2864 qui
707 2766 948 2844 noctis
989 2765 1280 2862 vigilias
1319 2768 1868 2860 custodiebant,
1922 2770 2015 2840 de
2052 2767 2333 2840 Sancto
2372 2768 2555 2840 Ger·-

325 2883 586 2942 'mano
626 2892 762 2965 per
798 2866 1225 2965 posterulas
1265 2865 1583 2940 civitatis
1622 2865 1909 2940 dimissi
1966 2875 2146 2938 sunt
2185 2867 2425 2960 liberi,
2477 2878 2556 2942 et

355 2970 702 3044 abierunt
751 2968 830 3039 -in
887 2991 1054 3063 snat,
1107 2975 1184 3042 et
1238 2967 1420 3040 nihil
1471 2971 1569 3040 de
1627 2990 1763 3040 suo
1802 2965 2159 3040 bai-nesio
2197 2967 2555 3042 ammise-

359 3080 549 3141 runt.
611 3069 843 3166 Igitur
879 3091 1104 3140 mane
1141 3067 1488 3165 sequenti
1528 3067 1817 3164 papalis
1860 3066 2233 3140 exercitus
2272 3080 2551 3142 terram

357 3171 580 3242 intrat
615 3168 872 3244 Sancti
907 3169 1297 3261 Germani,
1354 3191 1571 3242 rocca
1604 3167 1765 3244 lani
1822 3191 1908 3240 se
1947 3168 2151 3264 prius
2192 3170 2553 3240 reddente

357 3271 646 3366 legato;
702 3269 820 3344 oui
871 3269 1219 3344 homines
1251 3268 1513 3346 Sancti
1552 3267 1907 3342 Germani
1942 3271 2193 3340 iurant
2230 3271 2320 3342 ad
2358 3291 2551 3366 opus

355 3395 596 3468 pape,
649 3369 826 3442 lieet
867 3368 1102 3444 inviti.
1206 3368 1372 3456 Quo
1419 3368 1673 3442 audito
1728 3379 1805 3440 et
1850 3368 2191 3464 cognito,
2244 3369 2553 3464 tremuit

355 3471 603 3544 omnis
640 3479 870 3562 terra⁷
908 3493 1054 3566 que
1083 3491 1170 3540 se
1199 3491 1347 3542 non
1381 3479 1673 3566 poterat
1696 3472 1791 3540 ab
1820 3469 2041 3542 hoste
2072 3470 2283 3543 tueri.
2339 3469 2549 3544 Tunc

352 3571 726 3667 magister
752 3567 1190 3644 iustitiarius
1219 3569 1406 3646 liber
1430 3568 1791 3645 dimissus
1822 3580 1965 3664 est,
1998 3579 2071 3643 et
2102 3594 2187 3645 se
2213 3572 2549 3666 Capuam

355 3669 688 3746 eontulit.
765 3669 1178 3746 Adenulfus
1217 3668 1442 3746 etiam
1483 3672 1575 3743 de
1613 3669 1903 3766 Aquino
1940 3672 2389 3742 Acerrarum
2424 3691 2549 3739 co-

353 3769 558 3848 mitis
601 3768 836 3883 ffliut}7
890 3791 1186 3847 nec-non
1239 3781 1314 3843 et
1363 3769 1677 3846 Iacobus
1716 3769 2117 3846 Sene-baldi
2169 3767 2546 3866 predictus

355 3870 797 3951 redierunt
779 3895 854 3942 in
893 3893 1052 3944 sua.

505 3973 684 4048 Post
717 3970 880 4050 dies
921 3993 1098 4046 vero
1137 3971 1402 4046 decem
1443 3993 1531 4044 se
1570 3989 1885 4047 movens
1924 3972 2017 4044 de
2054 3969 2331 4083 Sancto
2364 3911 2546 4044 Ger-

355 4093 578 4148 mano
615 4071 1053 4165 exercitus,
1045 4071 1252 4144 facta
1277 4071 1827 4168 compositione
1857 4095 2027 4142 cum
2056 4070 2145 4144 iis
2178 4069 2301 4167 qui
2332 4080 2545 4144 erant

351 4171 428 4244 in
468 4172 750 4269 palatio
806 4169 1136 4264 Miniani„
1189 4171 1599 4244 Minianum
1646 4171 2039 4269 recipiunt,
2091 4173 2289 4268 quod
2328 4171 2542 4246 here-

351 4271 564 4345 dibus
622 4277 995 4369 quondam
1052 4269 1390 4367 Malgerii
1429 4272 1699 4345 Sorelli
1752 4271 2191 4367 restituunt3
2246 4282 2321 4344 et
2379 4293 2544 4369 pro=

1942 4374 2036 4446 6.
