3050 4900
515 493 658 569 150
909 493 1474 567 RYCCARDUS
1527 492 1651 566 DE
1704 494 1777 567 s,
1836 473 2292 569 GERMANO

508 693 868 791 deputati,
896 697 1301 766 mandante
1331 717 1597 767 cesare
1619 694 2082 789 deferuntur,
2114 705 2432 793 excepta
2450 683 2701 769 tabula

511 794 766 868 altaris
807 794 1046 866 sancti
1084 794 1498 892 Benedicti,
1554 804 1631 867 et
1681 807 1759 867 ut
1795 796 2058 868 redimi
2099 799 2422 867 debeant
2458 821 2502 867 a
2540 822 2703 893 pre-

506 896 678 969 latis
735 894 1049 991 singulis
1101 906 1174 967 et
1231 895 1601 987 ecclesiis„
1658 918 1973 993 quarum
2029 908 2268 990 erant,
2324 920 2458 994 pro
2500 908 2701 969 certa

509 995 828 1095 pecunie
860 996 1300 1092 quantitate2
1334 1000 1426 1070 ab
1456 996 1912 1094 imperatore
1946 1000 2361 1072 mandatur.
2415 998 2700 1070 Eodem

511 1120 780 1170 mense
832 1096 1128 1169 iubetur
1178 1122 1221 1169 a
1267 1121 1559 1192 cesare,
1616 1108 1695 1169 ut
1748 1097 1993 1170 nullus
2044 1100 2135 1170 de
2186 1122 2421 1193 regno
2464 1122 2700 1195 equos

509 1209 637 1273 aut
699 1221 906 1269 arma
971 1200 1302 1270 vendere
1363 1199 1485 1271 vel
1544 1198 1847 1270 trahere
1903 1208 2110 1271 extra
2160 1222 2481 1294 regnum
2537 1223 2699 1296 pre-

513 1308 784 1373 sumat.

659 1396 1044 1495 Inquisitio
1105 1409 1286 1496 aput
1335 1398 1693 1472 Sanctum
1752 1398 2218 1471 Germanum
2261 1397 2344 1471 fit
2402 1401 2492 1472 de
2548 1421 2697 1471 me-

513 1499 695 1572 dicis
752 1497 874 1596 qui
929 1499 1216 1571 mederi
1269 1499 1432 1571 ausi
1485 1509 1686 1594 sunt,
1743 1511 1815 1571 et
1866 1499 1936 1570 in
1987 1510 2141 1571 tota
2184 1500 2503 1596 abbatia.
2559 1499 2700 1572 nisi

512 1606 605 1675 de
653 1600 952 1673 licentia
1008 1599 1418 1698 imperialis
1473 1599 1675 1673 curie
1728 1611 1801 1672 et
1850 1624 1987 1697 per
2037 1625 2205 1674 eam
2263 1600 2536 1674 fuerint
2574 1626 2700 1698 ap-

510 1701 818 1802 probati.

661 1801 941 1877 Civitas
976 1802 1228 1872 Accon
1267 1801 1583 1873 rebellat
1617 1800 2069 1898 imperatori.

658 1902 924 1975 Mense
978 1900 1422 1973 Novembris
1480 1900 1904 1976 Celestinus
1971 1926 2163 1999 papa
2221 1900 2459 1973 Rome
2523 1909 2701 1997 aput

511 2003 872 2077 Sanctum
920 1999 1221 2073 Petlum
1281 2000 1491 2098 obiit3
1550 2012 1623 2074 et
1675 2004 1767 2075 de
1821 2001 2316 2075 cardinalibus
2374 2000 2700 2100 quidam.

515 2129 604 2177 eo
661 2102 1065 2200 insepultO‚
1119 2106 1211 2175 de
1262 2103 1460 2177 Urbe
1513 2103 1901 2201 fugerunt,
1958 2114 2031 2175 et
2088 2102 2566 2176 contulerunt
2617 2126 2701 2173 se

510 2203 956 2301 Anagniam.

661 2306 922 2377 Mense
962 2304 1398 2376 Decembris
1435 2304 1871 2401 imperatrix
1923 2314 2102 2401 aput
2138 2304 2446 2400 Fogiam
2501 2302 2700 2397 obiit,

515 2416 588 2479 et
626 2416 804 2504 aput
840 2404 1193 2479 Andriam
1235 2404 1615 2504 sepelitur.

1487 2574 1734 2663 1242.

662 2713 921 2787 Mense
958 2710 1277 2785 Ianuarii
1316 2712 1695 2810 generalis
1735 2712 2046 2784 collecta
2086 2736 2222 2810 per
2256 2722 2497 2785 totum
2535 2735 2701 2808 reg-

512 2839 691 2886 num
734 2813 1076 2910 exigitur,
1117 2817 1208 2887 de
1247 2838 1394 2911 qua
1428 2811 1646 2886 tertia
1680 2837 1853 2912 pars
1887 2811 2311 2908 remittitur.)
2350 2812 2541 2886 sicut
2572 2813 2705 2883 fuit

513 2941 709 2988 anno
741 2915 1118 3013 preterito
1163 2913 1691 3012 Inquisitiones
1720 2913 1908 2986 fiunt
1930 2912 2201 3010 ubique
2224 2939 2360 3011 per
2381 2937 2698 3010 regnum

512 3029 769 3089 eontra
808 3016 1147 3090 infideles
1185 3016 1533 3088 inventos
1567 3027 1907 3112 tempore
1938 3014 2405 3110 turbationis,
2445 3025 2700 3086 contra

513 3117 975 3191 forbannitos
1031 3127 1106 3188 et
1146 3115 1659 3211 foriudicatos7
1715 3126 1967 3187 contra
2009 3116 2381 3188 aleatores
2424 3125 2497 3187 et
2534 3139 2700 3214 pro-

510 3217 740 3291 hibita
779 3239 989 3288 arma
1028 3225 1445 3330 portantes,
1485 3226 1559 3287 et
1595 3240 1826 3313 super
1862 3216 2113 3288 multis
2153 3216 2315 3288 aliis
2348 3216 2700 3288 articulis.

659 3317 924 3390 Mense
989 3313 1413 3390 Februarii⁸
1479 3315 1896 3390 Richardus
1963 3320 2053 3389 de
2117 3317 2589 3413 Montenigro
2656 3339 2699 3386 a

507 3417 978 3491 iustitiariatu
1017 3427 1218 3490 terre
1253 3417 1564 3490 Laboris
1603 3428 2022 3530 amovetur2
2078 3427 2153 3488 et
2200 3417 2557 3512 Gysulfus
2610 3419 2701 3488 de

510 3518 808 3590 Mannia
865 3517 1337 3592 substituitur
1385 3517 1507 3590 illi.
1629 3520 1905 3591 Turres
1956 3517 2273 3590 civitatis
2329 3517 2499 3590 Bari
2555 3540 2701 3614 que

512 3629 726 3693 erant
773 3619 845 3691 in
899 3616 1195 3692 civitate
1249 3619 1661 3734 imperator
1714 3617 1901 3690 dirui
1952 3619 2171 3692 iubet
2267 3618 2699 3691 Biscoctum

509 3718 673 3793 fieri
727 3719 904 3793 facit
955 3745 1091 3819 per
1139 3721 1304 3794 loca
1361 3721 1735 3793 maritima
1790 3731 1862 3792 et
1916 3719 2140 3792 etiam
2180 3744 2316 3818 per
2350 3721 2513 3791 loca
2554 3714 2699 3789 alia

509 3846 646 3920 pro
684 3822 891 3894 fodro
940 3824 1082 3897 150
1117 3823 1504 3919 galearum
1548 3831 1622 3893 et
1659 3823 1757 3894 20
1794 3821 2125 3915 navium,
2180 3845 2367 3917 quas
2423 3817 2699 3891 armari

509 3925 817 3996 mandat
853 3947 1084 4021 super
1122 3923 1434 3996 Pisanos
1475 3932 1551 3994 et
1583 3925 1950 3994 Venetos:
1990 3925 2080 3994 ad
2121 3922 2538 3994 Romanam
2579 3943 2699 3990 cu-

509 4023 697 4096 riam
753 4023 1195 4120 magistrum
1249 4027 1516 4097 domus
1556 4021 2136 4095 Teutonicorum
2184 4030 2519 4094 creatum
2570 4043 2698 4090 no-

511 4196 562 4266 a)
615 4199 752 4250 duae
797 4197 1069 4251 columnae
1116 4211 1276 4249 rasae
1321 4196 1557 4263 sortasse
1600 4211 1634 4247 a
1672 4196 1846 4249 scriba
1882 4198 2021 4264 ipso,
2074 4197 2245 4249 adhuc
2284 4195 2557 4265 leyendgtm
2597 4197 2705 4245 est.-

511 4308 565 4395 in
599 4272 808 4396 {hi-'bg‘
840 4288 910 4339 qu
931 4308 974 4322 ..
1020 4269 1118 4320 suit
1150 4269 1202 4320 in
1237 4269 1464 4321 ecclesia
1497 4269 1666 4321 sancti
1704 4266 1844 4320 Petri
1878 4277 1931 4320 et
1964 4287 1990 4320 a
2012 4309 2022 4320 .
2044 4306 2087 4321 ..
2108 4309 2119 4320 .
2140 4286 2214 4328 ..;
2258 4269 2483 4336 imperat
2519 4304 2698 4319 ......
