<?xml version="1.0" encoding="UTF-8"?>
<!DOCTYPE html PUBLIC "-//W3C//DTD XHTML 1.0 Transitional//EN"
    "http://www.w3.org/TR/xhtml1/DTD/xhtml1-transitional.dtd">
<html xmlns="http://www.w3.org/1999/xhtml" xml:lang="en" lang="en">
 <head>
  <title>
</title>
<meta http-equiv="Content-Type" content="text/html;charset=utf-8" />
  <meta name='ocr-system' content='tesseract 3.04.00' />
  <meta name='ocr-capabilities' content='ocr_page ocr_carea ocr_par ocr_line ocrx_word'/>
</head>
<body>
  <div class='ocr_page' id='page_1' title='image "./ryccardidesanct01pertgoog_0069.png"; bbox 0 0 3050 4900; ppageno 0'>
   <div class='ocr_carea' id='block_1_1' title="bbox 1238 444 2522 521">
    <p class='ocr_par' dir='ltr' id='par_1_1' title="bbox 1238 444 2522 521">
     <span class='ocr_line' id='line_1_1' title="bbox 1238 444 2522 521; baseline 0.002 -4"><span class='ocrx_word' id='word_1_1' title='bbox 1238 444 1319 518; x_wconf 85' lang='lat' dir='ltr'>A.</span> <span class='ocrx_word' id='word_1_2' title='bbox 1383 445 1595 521; x_wconf 80' lang='lat'>1225.</span> <span class='ocrx_word' id='word_1_3' title='bbox 2422 449 2522 520; x_wconf 75' lang='lat'>57</span> 
     </span>
    </p>
   </div>
   <div class='ocr_carea' id='block_1_2' title="bbox 336 643 2529 4348">
    <p class='ocr_par' dir='ltr' id='par_1_2' title="bbox 336 643 2526 1044">
     <span class='ocr_line' id='line_1_2' title="bbox 483 643 2526 743; baseline 0 -25"><span class='ocrx_word' id='word_1_4' title='bbox 483 643 694 718; x_wconf 90' lang='lat' dir='ltr'>Tunc</span> <span class='ocrx_word' id='word_1_5' title='bbox 721 646 1130 743; x_wconf 88' lang='lat' dir='ltr'>imperator</span> <span class='ocrx_word' id='word_1_6' title='bbox 1158 645 1320 743; x_wconf 92' lang='lat' dir='ltr'>ipse</span> <span class='ocrx_word' id='word_1_7' title='bbox 1347 646 1801 742; x_wconf 87' lang='lat' dir='ltr'>principibus</span> <span class='ocrx_word' id='word_1_8' title='bbox 1825 646 2293 741; x_wconf 67' lang='lat' dir='ltr'>Alamannia⁷</span> <span class='ocrx_word' id='word_1_9' title='bbox 2326 649 2526 719; x_wconf 90' lang='lat' dir='ltr'>duci-</span> 
     </span>
     <span class='ocr_line' id='line_1_3' title="bbox 336 745 2524 843; baseline 0 -23"><span class='ocrx_word' id='word_1_10' title='bbox 336 751 502 839; x_wconf 76' lang='lat' dir='ltr'>bus.,</span> <span class='ocrx_word' id='word_1_11' title='bbox 559 747 950 819; x_wconf 83' lang='lat' dir='ltr'><strong>comitibus</strong></span> <span class='ocrx_word' id='word_1_12' title='bbox 1001 757 1077 818; x_wconf 90' lang='lat' dir='ltr'>et</span> <span class='ocrx_word' id='word_1_13' title='bbox 1127 745 1622 843; x_wconf 82' lang='lat' dir='ltr'><strong>potestatibus</strong></span> <span class='ocrx_word' id='word_1_14' title='bbox 1660 746 2105 818; x_wconf 88' lang='lat' dir='ltr'>Lombardie</span> <span class='ocrx_word' id='word_1_15' title='bbox 2160 771 2295 843; x_wconf 89' lang='lat' dir='ltr'>per</span> <span class='ocrx_word' id='word_1_16' title='bbox 2346 773 2524 820; x_wconf 90' lang='lat' dir='ltr'>suas</span> 
     </span>
     <span class='ocr_line' id='line_1_4' title="bbox 341 846 2525 943; baseline 0.001 -25"><span class='ocrx_word' id='word_1_17' title='bbox 341 851 646 918; x_wconf 87' lang='lat' dir='ltr'>mandat</span> <span class='ocrx_word' id='word_1_18' title='bbox 694 847 1010 941; x_wconf 65' lang='lat' dir='ltr'>litteras,</span> <span class='ocrx_word' id='word_1_19' title='bbox 1065 857 1142 917; x_wconf 86' lang='lat' dir='ltr'>ut</span> <span class='ocrx_word' id='word_1_20' title='bbox 1195 846 1268 917; x_wconf 92' lang='lat' dir='ltr'>in</span> <span class='ocrx_word' id='word_1_21' title='bbox 1322 846 1571 918; x_wconf 89' lang='lat' dir='ltr'>futuro</span> <span class='ocrx_word' id='word_1_22' title='bbox 1624 847 1904 943; x_wconf 92' lang='lat' dir='ltr'>pascha</span> <span class='ocrx_word' id='word_1_23' title='bbox 1958 848 2525 921; x_wconf 85' lang='lat' dir='ltr'>resurrectionis</span> 
     </span>
     <span class='ocr_line' id='line_1_5' title="bbox 340 947 2525 1044; baseline 0 -24"><span class='ocrx_word' id='word_1_24' title='bbox 340 947 636 1020; x_wconf 84' lang='lat' dir='ltr'>Domini</span> <span class='ocrx_word' id='word_1_25' title='bbox 676 952 868 1044; x_wconf 91' lang='lat' dir='ltr'>apud</span> <span class='ocrx_word' id='word_1_26' title='bbox 904 950 1350 1021; x_wconf 82' lang='lat' dir='ltr'><strong>Cremonam</strong></span> <span class='ocrx_word' id='word_1_27' title='bbox 1383 950 1473 1018; x_wconf 89' lang='lat' dir='ltr'>ad</span> <span class='ocrx_word' id='word_1_28' title='bbox 1508 971 1680 1018; x_wconf 91' lang='lat' dir='ltr'>eum</span> <span class='ocrx_word' id='word_1_29' title='bbox 1714 947 2115 1018; x_wconf 90' lang='lat' dir='ltr'>convenire</span> <span class='ocrx_word' id='word_1_30' title='bbox 2147 951 2525 1022; x_wconf 87' lang='lat' dir='ltr'>deberent.</span> 
     </span>
    </p>

    <p class='ocr_par' dir='ltr' id='par_1_3' title="bbox 337 1047 2526 1521">
     <span class='ocr_line' id='line_1_6' title="bbox 491 1047 2525 1144; baseline 0.001 -26"><span class='ocrx_word' id='word_1_31' title='bbox 491 1048 753 1120; x_wconf 88' lang='lat' dir='ltr'>Mense</span> <span class='ocrx_word' id='word_1_32' title='bbox 782 1048 1099 1144; x_wconf 81' lang='lat' dir='ltr'><strong>Augusti</strong></span> <span class='ocrx_word' id='word_1_33' title='bbox 1140 1058 1477 1118; x_wconf 88' lang='lat' dir='ltr'>mutuum</span> <span class='ocrx_word' id='word_1_34' title='bbox 1520 1051 1609 1118; x_wconf 90' lang='lat' dir='ltr'>ab</span> <span class='ocrx_word' id='word_1_35' title='bbox 1641 1047 2095 1144; x_wconf 78' lang='lat' dir='ltr'>imperatore</span> <span class='ocrx_word' id='word_1_36' title='bbox 2124 1073 2258 1144; x_wconf 87' lang='lat' dir='ltr'>per</span> <span class='ocrx_word' id='word_1_37' title='bbox 2285 1060 2525 1122; x_wconf 87' lang='lat' dir='ltr'>totum</span> 
     </span>
     <span class='ocr_line' id='line_1_7' title="bbox 339 1148 2524 1244; baseline 0.002 -27"><span class='ocrx_word' id='word_1_38' title='bbox 339 1171 659 1243; x_wconf 81' lang='lat' dir='ltr'>regnum</span> <span class='ocrx_word' id='word_1_39' title='bbox 701 1148 1045 1244; x_wconf 70' lang='lat' dir='ltr'>exigitur,</span> <span class='ocrx_word' id='word_1_40' title='bbox 1086 1159 1158 1220; x_wconf 86' lang='lat' dir='ltr'>et</span> <span class='ocrx_word' id='word_1_41' title='bbox 1196 1157 1372 1218; x_wconf 89' lang='lat' dir='ltr'>tunc</span> <span class='ocrx_word' id='word_1_42' title='bbox 1410 1148 1574 1218; x_wconf 89' lang='lat' dir='ltr'>loco</span> <span class='ocrx_word' id='word_1_43' title='bbox 1616 1148 1846 1217; x_wconf 88' lang='lat' dir='ltr'>mutui</span> <span class='ocrx_word' id='word_1_44' title='bbox 1888 1149 2199 1220; x_wconf 83' lang='lat' dir='ltr'>collecte</span> <span class='ocrx_word' id='word_1_45' title='bbox 2232 1158 2405 1221; x_wconf 91' lang='lat' dir='ltr'>sunt</span> <span class='ocrx_word' id='word_1_46' title='bbox 2434 1153 2524 1222; x_wconf 90' lang='lat' dir='ltr'>de</span> 
     </span>
     <span class='ocr_line' id='line_1_8' title="bbox 340 1248 2523 1345; baseline 0.001 -27"><span class='ocrx_word' id='word_1_47' title='bbox 340 1259 540 1318; x_wconf 87' lang='lat' dir='ltr'>terra</span> <span class='ocrx_word' id='word_1_48' title='bbox 597 1249 1033 1320; x_wconf 89' lang='lat' dir='ltr'>monasterii</span> <span class='ocrx_word' id='word_1_49' title='bbox 1083 1248 1517 1322; x_wconf 89' lang='lat' dir='ltr'>Casinensis</span> <span class='ocrx_word' id='word_1_50' title='bbox 1560 1249 1775 1318; x_wconf 91' lang='lat' dir='ltr'>uncie</span> <span class='ocrx_word' id='word_1_51' title='bbox 1824 1251 2013 1320; x_wconf 85' lang='lat'>1300</span> <span class='ocrx_word' id='word_1_52' title='bbox 2052 1274 2185 1345; x_wconf 85' lang='lat' dir='ltr'>per</span> <span class='ocrx_word' id='word_1_53' title='bbox 2222 1251 2523 1321; x_wconf 84' lang='lat' dir='ltr'>Petrum</span> 
     </span>
     <span class='ocr_line' id='line_1_9' title="bbox 337 1348 2526 1442; baseline 0.001 -24"><span class='ocrx_word' id='word_1_54' title='bbox 337 1349 722 1420; x_wconf 89' lang='lat' dir='ltr'>dominum</span> <span class='ocrx_word' id='word_1_55' title='bbox 775 1350 982 1421; x_wconf 89' lang='lat' dir='ltr'>Ebuli</span> <span class='ocrx_word' id='word_1_56' title='bbox 1051 1359 1125 1420; x_wconf 88' lang='lat' dir='ltr'>et</span> <span class='ocrx_word' id='word_1_57' title='bbox 1172 1349 1580 1442; x_wconf 85' lang='lat' dir='ltr'>Nycolaum</span> <span class='ocrx_word' id='word_1_58' title='bbox 1635 1352 1725 1420; x_wconf 88' lang='lat' dir='ltr'>de</span> <span class='ocrx_word' id='word_1_59' title='bbox 1766 1348 2039 1442; x_wconf 71' lang='lat' dir='ltr'>Cicala,</span> <span class='ocrx_word' id='word_1_60' title='bbox 2092 1360 2267 1421; x_wconf 91' lang='lat' dir='ltr'>tunc</span> <span class='ocrx_word' id='word_1_61' title='bbox 2320 1349 2526 1422; x_wconf 91' lang='lat' dir='ltr'>iusti-</span> 
     </span>
     <span class='ocr_line' id='line_1_10' title="bbox 342 1447 1250 1521; baseline 0.001 -2"><span class='ocrx_word' id='word_1_62' title='bbox 342 1448 649 1520; x_wconf 78' lang='lat' dir='ltr'>tiarios·</span> <span class='ocrx_word' id='word_1_63' title='bbox 685 1459 883 1521; x_wconf 86' lang='lat' dir='ltr'>terre</span> <span class='ocrx_word' id='word_1_64' title='bbox 921 1447 1250 1521; x_wconf 88' lang='lat' dir='ltr'>Laboris.</span> 
     </span>
    </p>

    <p class='ocr_par' dir='ltr' id='par_1_4' title="bbox 341 1548 2524 1744">
     <span class='ocr_line' id='line_1_11' title="bbox 493 1548 2524 1645; baseline 0 -26"><span class='ocrx_word' id='word_1_65' title='bbox 493 1550 752 1620; x_wconf 91' lang='lat' dir='ltr'>Mense</span> <span class='ocrx_word' id='word_1_66' title='bbox 791 1550 1255 1645; x_wconf 83' lang='lat' dir='ltr'>Septembris</span> <span class='ocrx_word' id='word_1_67' title='bbox 1311 1548 1645 1619; x_wconf 84' lang='lat' dir='ltr'>marchio</span> <span class='ocrx_word' id='word_1_68' title='bbox 1686 1548 2216 1620; x_wconf 85' lang='lat' dir='ltr'>Montisferrati</span> <span class='ocrx_word' id='word_1_69' title='bbox 2270 1550 2343 1620; x_wconf 92' lang='lat' dir='ltr'>in</span> <span class='ocrx_word' id='word_1_70' title='bbox 2382 1549 2524 1620; x_wconf 87' lang='lat' dir='ltr'>Ro-</span> 
     </span>
     <span class='ocr_line' id='line_1_12' title="bbox 341 1648 1713 1744; baseline 0 -26"><span class='ocrx_word' id='word_1_71' title='bbox 341 1649 592 1720; x_wconf 83' lang='lat' dir='ltr'>mania</span> <span class='ocrx_word' id='word_1_72' title='bbox 631 1650 947 1721; x_wconf 89' lang='lat' dir='ltr'>naturali</span> <span class='ocrx_word' id='word_1_73' title='bbox 988 1660 1226 1720; x_wconf 90' lang='lat' dir='ltr'>morte</span> <span class='ocrx_word' id='word_1_74' title='bbox 1265 1648 1713 1744; x_wconf 80' lang='lat' dir='ltr'><strong>defungitur.</strong></span> 
     </span>
    </p>

    <p class='ocr_par' dir='ltr' id='par_1_5' title="bbox 342 1749 2529 3253">
     <span class='ocr_line' id='line_1_13' title="bbox 493 1749 2524 1846; baseline 0 -27"><span class='ocrx_word' id='word_1_75' title='bbox 493 1749 770 1821; x_wconf 88' lang='lat' dir='ltr'>Eodem</span> <span class='ocrx_word' id='word_1_76' title='bbox 805 1773 1068 1822; x_wconf 91' lang='lat' dir='ltr'>mense</span> <span class='ocrx_word' id='word_1_77' title='bbox 1099 1749 1426 1846; x_wconf 85' lang='lat' dir='ltr'>quin&#39;que</span> <span class='ocrx_word' id='word_1_78' title='bbox 1459 1749 1892 1820; x_wconf 92' lang='lat' dir='ltr'>vacantibus</span> <span class='ocrx_word' id='word_1_79' title='bbox 1923 1750 1993 1819; x_wconf 93' lang='lat' dir='ltr'>in</span> <span class='ocrx_word' id='word_1_80' title='bbox 2030 1773 2263 1844; x_wconf 80' lang='lat' dir='ltr'>regno</span> <span class='ocrx_word' id='word_1_81' title='bbox 2290 1749 2524 1821; x_wconf 85' lang='lat' dir='ltr'>eccle—</span> 
     </span>
     <span class='ocr_line' id='line_1_14' title="bbox 343 1847 2523 1947; baseline 0.001 -29"><span class='ocrx_word' id='word_1_82' title='bbox 343 1847 501 1943; x_wconf 73' lang='lat' dir='ltr'>siis,</span> <span class='ocrx_word' id='word_1_83' title='bbox 558 1850 884 1947; x_wconf 89' lang='lat' dir='ltr'>quinque</span> <span class='ocrx_word' id='word_1_84' title='bbox 928 1851 1272 1921; x_wconf 90' lang='lat' dir='ltr'>dominus</span> <span class='ocrx_word' id='word_1_85' title='bbox 1328 1874 1517 1944; x_wconf 92' lang='lat' dir='ltr'>papa</span> <span class='ocrx_word' id='word_1_86' title='bbox 1558 1849 1929 1920; x_wconf 90' lang='lat' dir='ltr'>Honorius</span> <span class='ocrx_word' id='word_1_87' title='bbox 1972 1849 2283 1945; x_wconf 81' lang='lat' dir='ltr'>prefecit</span> <span class='ocrx_word' id='word_1_88' title='bbox 2322 1861 2523 1922; x_wconf 87' lang='lat' dir='ltr'>motu</span> 
     </span>
     <span class='ocr_line' id='line_1_15' title="bbox 343 1949 2527 2047; baseline 0.001 -28"><span class='ocrx_word' id='word_1_89' title='bbox 343 1951 642 2046; x_wconf 79' lang='lat' dir='ltr'>proprie</span> <span class='ocrx_word' id='word_1_90' title='bbox 693 1951 1122 2045; x_wconf 65' lang='lat' dir='ltr'>voluntatis,</span> <span class='ocrx_word' id='word_1_91' title='bbox 1176 1951 1408 2020; x_wconf 90' lang='lat' dir='ltr'>inscio</span> <span class='ocrx_word' id='word_1_92' title='bbox 1463 1961 1537 2020; x_wconf 87' lang='lat' dir='ltr'>et</span> <span class='ocrx_word' id='word_1_93' title='bbox 1586 1949 2005 2046; x_wconf 89' lang='lat' dir='ltr'>irrequisito</span> <span class='ocrx_word' id='word_1_94' title='bbox 2046 1950 2527 2047; x_wconf 74' lang='lat' dir='ltr'>imperatore,</span> 
     </span>
     <span class='ocr_line' id='line_1_16' title="bbox 343 2049 2525 2146; baseline 0.001 -27"><span class='ocrx_word' id='word_1_95' title='bbox 343 2050 693 2121; x_wconf 86' lang='lat' dir='ltr'>videlicet</span> <span class='ocrx_word' id='word_1_96' title='bbox 713 2052 1085 2146; x_wconf 82' lang='lat' dir='ltr'>quendam</span> <span class='ocrx_word' id='word_1_97' title='bbox 1107 2050 1598 2122; x_wconf 88' lang='lat' dir='ltr'>Casinensem</span> <span class='ocrx_word' id='word_1_98' title='bbox 1620 2049 2071 2120; x_wconf 87' lang='lat' dir='ltr'>monachum</span> <span class='ocrx_word' id='word_1_99' title='bbox 2087 2050 2525 2144; x_wconf 74' lang='lat' dir='ltr'>Iohannem,</span> 
     </span>
     <span class='ocr_line' id='line_1_17' title="bbox 343 2148 2526 2245; baseline 0.001 -26"><span class='ocrx_word' id='word_1_100' title='bbox 343 2161 852 2245; x_wconf 81' lang='lat' dir='ltr'>cognomento</span> <span class='ocrx_word' id='word_1_101' title='bbox 913 2153 1003 2220; x_wconf 93' lang='lat' dir='ltr'>de</span> <span class='ocrx_word' id='word_1_102' title='bbox 1059 2150 1333 2220; x_wconf 89' lang='lat' dir='ltr'>Sancto</span> <span class='ocrx_word' id='word_1_103' title='bbox 1388 2148 1857 2243; x_wconf 66' lang='lat' dir='ltr'>Liberatore‚</span> <span class='ocrx_word' id='word_1_104' title='bbox 1914 2150 2235 2220; x_wconf 84' lang='lat' dir='ltr'>ecclesie</span> <span class='ocrx_word' id='word_1_105' title='bbox 2286 2152 2526 2222; x_wconf 90' lang='lat' dir='ltr'>sancti</span> 
     </span>
     <span class='ocr_line' id='line_1_18' title="bbox 343 2249 2525 2346; baseline 0.001 -27"><span class='ocrx_word' id='word_1_106' title='bbox 343 2249 706 2320; x_wconf 87' lang='lat' dir='ltr'>Vincentii</span> <span class='ocrx_word' id='word_1_107' title='bbox 765 2252 856 2320; x_wconf 90' lang='lat' dir='ltr'>de</span> <span class='ocrx_word' id='word_1_108' title='bbox 909 2250 1308 2342; x_wconf 52' lang='lat' dir='ltr'>Vultur1‘103</span> <span class='ocrx_word' id='word_1_109' title='bbox 1366 2250 1713 2320; x_wconf 86' lang='lat' dir='ltr'>Consane</span> <span class='ocrx_word' id='word_1_110' title='bbox 1767 2249 2093 2346; x_wconf 87' lang='lat' dir='ltr'>priorem</span> <span class='ocrx_word' id='word_1_111' title='bbox 2153 2254 2525 2346; x_wconf 88' lang='lat' dir='ltr'>quendam</span> 
     </span>
     <span class='ocr_line' id='line_1_19' title="bbox 342 2349 2528 2447; baseline 0 -26"><span class='ocrx_word' id='word_1_112' title='bbox 342 2350 620 2422; x_wconf 84' lang='lat' dir='ltr'>Sancte</span> <span class='ocrx_word' id='word_1_113' title='bbox 659 2349 887 2422; x_wconf 89' lang='lat' dir='ltr'>Marie</span> <span class='ocrx_word' id='word_1_114' title='bbox 925 2375 1118 2421; x_wconf 91' lang='lat' dir='ltr'>nove</span> <span class='ocrx_word' id='word_1_115' title='bbox 1151 2352 1240 2420; x_wconf 90' lang='lat' dir='ltr'>de</span> <span class='ocrx_word' id='word_1_116' title='bbox 1274 2351 1503 2442; x_wconf 76' lang='lat' dir='ltr'>Urbe3</span> <span class='ocrx_word' id='word_1_117' title='bbox 1544 2349 2013 2422; x_wconf 88' lang='lat' dir='ltr'>Salernitane</span> <span class='ocrx_word' id='word_1_118' title='bbox 2042 2351 2528 2447; x_wconf 81' lang='lat' dir='ltr'>Famagusta-</span> 
     </span>
     <span class='ocr_line' id='line_1_20' title="bbox 345 2452 2529 2547; baseline 0 -25"><span class='ocrx_word' id='word_1_119' title='bbox 345 2476 523 2523; x_wconf 84' lang='lat' dir='ltr'>num</span> <span class='ocrx_word' id='word_1_120' title='bbox 558 2454 928 2547; x_wconf 90' lang='lat' dir='ltr'>quondam</span> <span class='ocrx_word' id='word_1_121' title='bbox 964 2452 1438 2547; x_wconf 91' lang='lat' dir='ltr'>episcopum·</span> <span class='ocrx_word' id='word_1_122' title='bbox 1469 2452 1855 2524; x_wconf 89' lang='lat' dir='ltr'>Aversane</span> <span class='ocrx_word' id='word_1_123' title='bbox 1881 2462 2264 2524; x_wconf 89' lang='lat' dir='ltr'>cantorem</span> <span class='ocrx_word' id='word_1_124' title='bbox 2281 2453 2529 2523; x_wconf 91' lang='lat' dir='ltr'>Amal-</span> 
     </span>
     <span class='ocr_line' id='line_1_21' title="bbox 345 2551 2527 2664; baseline 0 -42"><span class='ocrx_word' id='word_1_125' title='bbox 345 2551 696 2647; x_wconf 87' lang='lat' dir='ltr'>fitanum</span> <span class='ocrx_word' id='word_1_126' title='bbox 765 2563 839 2623; x_wconf 87' lang='lat' dir='ltr'>et</span> <span class='ocrx_word' id='word_1_127' title='bbox 893 2554 1246 2664; x_wconf 79' lang='lat' dir='ltr'>Capuane</span> <span class='ocrx_word' id='word_1_128' title='bbox 1303 2553 1749 2623; x_wconf 89' lang='lat' dir='ltr'>Pactensem</span> <span class='ocrx_word' id='word_1_129' title='bbox 1812 2556 2180 2648; x_wconf 89' lang='lat' dir='ltr'>quondam</span> <span class='ocrx_word' id='word_1_130' title='bbox 2237 2554 2527 2651; x_wconf 90' lang='lat' dir='ltr'>episco-</span> 
     </span>
     <span class='ocr_line' id='line_1_22' title="bbox 347 2652 2529 2765; baseline 0.001 -42"><span class='ocrx_word' id='word_1_131' title='bbox 347 2676 563 2764; x_wconf 76' lang='lat' dir='ltr'>pum3</span> <span class='ocrx_word' id='word_1_132' title='bbox 605 2677 789 2765; x_wconf 84' lang='lat' dir='ltr'>quos</span> <span class='ocrx_word' id='word_1_133' title='bbox 829 2663 1184 2764; x_wconf 85' lang='lat' dir='ltr'>tanquam</span> <span class='ocrx_word' id='word_1_134' title='bbox 1225 2652 1296 2722; x_wconf 91' lang='lat' dir='ltr'>in</span> <span class='ocrx_word' id='word_1_135' title='bbox 1341 2677 1559 2724; x_wconf 91' lang='lat' dir='ltr'>suum</span> <span class='ocrx_word' id='word_1_136' title='bbox 1603 2653 2085 2748; x_wconf 88' lang='lat' dir='ltr'>preiudicium</span> <span class='ocrx_word' id='word_1_137' title='bbox 2117 2665 2529 2765; x_wconf 71' lang='lat' dir='ltr'>promotos,</span> 
     </span>
     <span class='ocr_line' id='line_1_23' title="bbox 345 2752 2529 2865; baseline 0 -42"><span class='ocrx_word' id='word_1_138' title='bbox 345 2752 573 2849; x_wconf 89' lang='lat' dir='ltr'>recipi</span> <span class='ocrx_word' id='word_1_139' title='bbox 613 2753 1021 2865; x_wconf 38' lang='lat' dir='ltr'>impe-ratoi</span> <span class='ocrx_word' id='word_1_140' title='bbox 1049 2752 1118 2822; x_wconf 92' lang='lat' dir='ltr'>in</span> <span class='ocrx_word' id='word_1_141' title='bbox 1149 2752 1333 2849; x_wconf 91' lang='lat' dir='ltr'>ipsis</span> <span class='ocrx_word' id='word_1_142' title='bbox 1365 2752 1707 2823; x_wconf 90' lang='lat' dir='ltr'>ecclesiis</span> <span class='ocrx_word' id='word_1_143' title='bbox 1738 2777 1887 2823; x_wconf 91' lang='lat' dir='ltr'>non</span> <span class='ocrx_word' id='word_1_144' title='bbox 1920 2753 2279 2849; x_wconf 88' lang='lat' dir='ltr'>permisit.</span> <span class='ocrx_word' id='word_1_145' title='bbox 2336 2755 2529 2825; x_wconf 89' lang='lat' dir='ltr'>Eun-</span> 
     </span>
     <span class='ocr_line' id='line_1_24' title="bbox 346 2852 2529 2951; baseline 0 -26"><span class='ocrx_word' id='word_1_146' title='bbox 346 2864 497 2925; x_wconf 83' lang='lat' dir='ltr'>tem</span> <span class='ocrx_word' id='word_1_147' title='bbox 540 2853 766 2924; x_wconf 88' lang='lat' dir='ltr'>etiam</span> <span class='ocrx_word' id='word_1_148' title='bbox 808 2853 878 2923; x_wconf 91' lang='lat' dir='ltr'>in</span> <span class='ocrx_word' id='word_1_149' title='bbox 919 2852 1244 2925; x_wconf 88' lang='lat' dir='ltr'>Siciliam</span> <span class='ocrx_word' id='word_1_150' title='bbox 1285 2863 1463 2923; x_wconf 88' lang='lat' dir='ltr'>tunc</span> <span class='ocrx_word' id='word_1_151' title='bbox 1501 2856 1591 2923; x_wconf 89' lang='lat' dir='ltr'>ad</span> <span class='ocrx_word' id='word_1_152' title='bbox 1634 2876 1803 2923; x_wconf 84' lang='lat' dir='ltr'>eum</span> <span class='ocrx_word' id='word_1_153' title='bbox 1846 2876 2013 2923; x_wconf 90' lang='lat' dir='ltr'>cum</span> <span class='ocrx_word' id='word_1_154' title='bbox 2054 2853 2317 2925; x_wconf 88' lang='lat' dir='ltr'>litteris</span> <span class='ocrx_word' id='word_1_155' title='bbox 2356 2878 2529 2951; x_wconf 90' lang='lat' dir='ltr'>apo-</span> 
     </span>
     <span class='ocr_line' id='line_1_25' title="bbox 346 2952 2526 3049; baseline 0 -24"><span class='ocrx_word' id='word_1_156' title='bbox 346 2953 628 3025; x_wconf 86' lang='lat' dir='ltr'>stolicis</span> <span class='ocrx_word' id='word_1_157' title='bbox 669 2956 1041 3049; x_wconf 87' lang='lat' dir='ltr'>quendam</span> <span class='ocrx_word' id='word_1_158' title='bbox 1083 2952 1577 3026; x_wconf 89' lang='lat' dir='ltr'>Casinensem</span> <span class='ocrx_word' id='word_1_159' title='bbox 1625 2954 2080 3024; x_wconf 86' lang='lat' dir='ltr'>monachum</span> <span class='ocrx_word' id='word_1_160' title='bbox 2120 2954 2526 3047; x_wconf 87' lang='lat' dir='ltr'>Nycolaum</span> 
     </span>
     <span class='ocr_line' id='line_1_26' title="bbox 345 3053 2525 3149; baseline 0 -23"><span class='ocrx_word' id='word_1_161' title='bbox 345 3058 437 3126; x_wconf 91' lang='lat' dir='ltr'>de</span> <span class='ocrx_word' id='word_1_162' title='bbox 470 3054 673 3128; x_wconf 83' lang='lat' dir='ltr'>Colle</span> <span class='ocrx_word' id='word_1_163' title='bbox 698 3054 920 3149; x_wconf 68' lang='lat' dir='ltr'>Petri,</span> <span class='ocrx_word' id='word_1_164' title='bbox 957 3055 1030 3124; x_wconf 90' lang='lat' dir='ltr'>in</span> <span class='ocrx_word' id='word_1_165' title='bbox 1064 3056 1407 3125; x_wconf 88' lang='lat' dir='ltr'>abbatem</span> <span class='ocrx_word' id='word_1_166' title='bbox 1439 3053 1693 3127; x_wconf 87' lang='lat' dir='ltr'>Sancti</span> <span class='ocrx_word' id='word_1_167' title='bbox 1719 3054 2093 3125; x_wconf 88' lang='lat' dir='ltr'>Laurentii</span> <span class='ocrx_word' id='word_1_168' title='bbox 2126 3057 2215 3125; x_wconf 91' lang='lat' dir='ltr'>de</span> <span class='ocrx_word' id='word_1_169' title='bbox 2242 3056 2525 3127; x_wconf 85' lang='lat' dir='ltr'>Aversa</span> 
     </span>
     <span class='ocr_line' id='line_1_27' title="bbox 346 3153 1361 3253; baseline -0.003 -27"><span class='ocrx_word' id='word_1_170' title='bbox 346 3165 801 3253; x_wconf 73' lang='lat' dir='ltr'>promotum⁷</span> <span class='ocrx_word' id='word_1_171' title='bbox 856 3178 1001 3225; x_wconf 91' lang='lat' dir='ltr'>non</span> <span class='ocrx_word' id='word_1_172' title='bbox 1043 3153 1361 3225; x_wconf 89' lang='lat' dir='ltr'>admisit.</span> 
     </span>
    </p>

    <p class='ocr_par' dir='ltr' id='par_1_6' title="bbox 347 3254 2527 3552">
     <span class='ocr_line' id='line_1_28' title="bbox 497 3254 2525 3352; baseline 0 -25"><span class='ocrx_word' id='word_1_173' title='bbox 497 3256 758 3327; x_wconf 88' lang='lat' dir='ltr'>Mense</span> <span class='ocrx_word' id='word_1_174' title='bbox 811 3254 1253 3327; x_wconf 87' lang='lat' dir='ltr'>Novembris</span> <span class='ocrx_word' id='word_1_175' title='bbox 1305 3254 1715 3350; x_wconf 88' lang='lat' dir='ltr'>imperator</span> <span class='ocrx_word' id='word_1_176' title='bbox 1757 3254 1921 3350; x_wconf 87' lang='lat' dir='ltr'>ipse</span> <span class='ocrx_word' id='word_1_177' title='bbox 1962 3257 2155 3352; x_wconf 90' lang='lat' dir='ltr'>apud</span> <span class='ocrx_word' id='word_1_178' title='bbox 2194 3256 2525 3327; x_wconf 90' lang='lat' dir='ltr'>Brundu-</span> 
     </span>
     <span class='ocr_line' id='line_1_29' title="bbox 349 3353 2527 3450; baseline 0 -23"><span class='ocrx_word' id='word_1_179' title='bbox 349 3356 541 3427; x_wconf 89' lang='lat' dir='ltr'>sium</span> <span class='ocrx_word' id='word_1_180' title='bbox 603 3356 1033 3428; x_wconf 81' lang='lat' dir='ltr'>Ysabellam</span> <span class='ocrx_word' id='word_1_181' title='bbox 1106 3353 1333 3425; x_wconf 87' lang='lat' dir='ltr'>filiam</span> <span class='ocrx_word' id='word_1_182' title='bbox 1403 3354 1575 3425; x_wconf 85' lang='lat' dir='ltr'>dicti</span> <span class='ocrx_word' id='word_1_183' title='bbox 1640 3354 1841 3450; x_wconf 84' lang='lat' dir='ltr'>regis</span> <span class='ocrx_word' id='word_1_184' title='bbox 1904 3355 2527 3428; x_wconf 87' lang='lat' dir='ltr'>lherosolimitani</span> 
     </span>
     <span class='ocr_line' id='line_1_30' title="bbox 347 3453 1289 3552; baseline -0.002 -25"><span class='ocrx_word' id='word_1_185' title='bbox 347 3453 746 3551; x_wconf 82' lang='lat' dir='ltr'>magnifice</span> <span class='ocrx_word' id='word_1_186' title='bbox 785 3454 1289 3552; x_wconf 88' lang='lat' dir='ltr'>desponsavit.</span> 
     </span>
    </p>

    <p class='ocr_par' dir='ltr' id='par_1_7' title="bbox 347 3556 2527 3727">
     <span class='ocr_line' id='line_1_31' title="bbox 498 3556 2527 3652; baseline 0.001 -25"><span class='ocrx_word' id='word_1_187' title='bbox 498 3556 1023 3652; x_wconf 88' lang='lat' dir='ltr'>Inquisitiones</span> <span class='ocrx_word' id='word_1_188' title='bbox 1067 3558 1155 3627; x_wconf 86' lang='lat' dir='ltr'>de</span> <span class='ocrx_word' id='word_1_189' title='bbox 1193 3556 1388 3626; x_wconf 83' lang='lat' dir='ltr'>facto</span> <span class='ocrx_word' id='word_1_190' title='bbox 1422 3556 1657 3627; x_wconf 89' lang='lat' dir='ltr'>mutui</span> <span class='ocrx_word' id='word_1_191' title='bbox 1688 3556 1872 3627; x_wconf 87' lang='lat' dir='ltr'>fiunt</span> <span class='ocrx_word' id='word_1_192' title='bbox 1899 3580 2038 3652; x_wconf 89' lang='lat' dir='ltr'>per</span> <span class='ocrx_word' id='word_1_193' title='bbox 2062 3566 2341 3629; x_wconf 85' lang='lat' dir='ltr'>terram</span> <span class='ocrx_word' id='word_1_194' title='bbox 2371 3580 2527 3628; x_wconf 90' lang='lat' dir='ltr'>mo-</span> 
     </span>
     <span class='ocr_line' id='line_1_32' title="bbox 347 3657 678 3729; baseline -0.003 -3"><span class='ocrx_word' id='word_1_195' title='bbox 347 3657 678 3729; x_wconf 90' lang='lat' dir='ltr'>nasterii</span> 
     </span>
    </p>

    <p class='ocr_par' dir='ltr' id='par_1_8' title="bbox 347 3754 2525 4029">
     <span class='ocr_line' id='line_1_33' title="bbox 498 3754 2525 3852; baseline -0 -23"><span class='ocrx_word' id='word_1_196' title='bbox 498 3757 648 3829; x_wconf 86' lang='lat' dir='ltr'>Pax</span> <span class='ocrx_word' id='word_1_197' title='bbox 701 3758 1105 3829; x_wconf 88' lang='lat' dir='ltr'>reformata</span> <span class='ocrx_word' id='word_1_198' title='bbox 1163 3766 1280 3827; x_wconf 90' lang='lat' dir='ltr'>est</span> <span class='ocrx_word' id='word_1_199' title='bbox 1332 3754 1402 3826; x_wconf 91' lang='lat' dir='ltr'>in</span> <span class='ocrx_word' id='word_1_200' title='bbox 1455 3757 1691 3852; x_wconf 80' lang='lat' dir='ltr'>Urbe,·</span> <span class='ocrx_word' id='word_1_201' title='bbox 1764 3754 2137 3827; x_wconf 89' lang='lat' dir='ltr'>senatorie</span> <span class='ocrx_word' id='word_1_202' title='bbox 2188 3754 2525 3851; x_wconf 81' lang='lat' dir='ltr'>dignitati</span> 
     </span>
     <span class='ocr_line' id='line_1_34' title="bbox 349 3856 2521 3951; baseline 0 -24"><span class='ocrx_word' id='word_1_203' title='bbox 349 3857 663 3929; x_wconf 89' lang='lat' dir='ltr'>cedente</span> <span class='ocrx_word' id='word_1_204' title='bbox 692 3856 1064 3951; x_wconf 86' lang='lat' dir='ltr'>Parentio.,</span> <span class='ocrx_word' id='word_1_205' title='bbox 1105 3867 1176 3928; x_wconf 91' lang='lat' dir='ltr'>et</span> <span class='ocrx_word' id='word_1_206' title='bbox 1205 3857 1494 3951; x_wconf 82' lang='lat' dir='ltr'>Angelo</span> <span class='ocrx_word' id='word_1_207' title='bbox 1534 3859 1624 3928; x_wconf 91' lang='lat' dir='ltr'>de</span> <span class='ocrx_word' id='word_1_208' title='bbox 1652 3856 2091 3927; x_wconf 90' lang='lat' dir='ltr'>Benencasa</span> <span class='ocrx_word' id='word_1_209' title='bbox 2124 3856 2521 3928; x_wconf 89' lang='lat' dir='ltr'>substituto</span> 
     </span>
     <span class='ocr_line' id='line_1_35' title="bbox 347 3956 610 4029; baseline 0 0"><span class='ocrx_word' id='word_1_210' title='bbox 347 3956 610 4029; x_wconf 90' lang='lat' dir='ltr'>eidem.</span> 
     </span>
    </p>

    <p class='ocr_par' dir='ltr' id='par_1_9' title="bbox 341 4055 2529 4254">
     <span class='ocr_line' id='line_1_36' title="bbox 494 4055 2529 4153; baseline -0.002 -23"><span class='ocrx_word' id='word_1_211' title='bbox 494 4058 794 4130; x_wconf 89' lang='lat' dir='ltr'>Denarii</span> <span class='ocrx_word' id='word_1_212' title='bbox 846 4055 1011 4128; x_wconf 91' lang='lat' dir='ltr'>novi</span> <span class='ocrx_word' id='word_1_213' title='bbox 1069 4056 1192 4152; x_wconf 90' lang='lat' dir='ltr'>qui</span> <span class='ocrx_word' id='word_1_214' title='bbox 1243 4056 1673 4153; x_wconf 89' lang='lat' dir='ltr'>imperiales</span> <span class='ocrx_word' id='word_1_215' title='bbox 1721 4066 2105 4150; x_wconf 74' lang='lat' dir='ltr'>vocantur⁷</span> <span class='ocrx_word' id='word_1_216' title='bbox 2161 4057 2529 4128; x_wconf 86' lang='lat' dir='ltr'>cuduntur</span> 
     </span>
     <span class='ocr_line' id='line_1_37' title="bbox 341 4156 1777 4254; baseline 0.001 -28"><span class='ocrx_word' id='word_1_217' title='bbox 341 4156 766 4254; x_wconf 70' lang='lat' dir='ltr'>Brundusii,</span> <span class='ocrx_word' id='word_1_218' title='bbox 821 4167 896 4228; x_wconf 88' lang='lat' dir='ltr'>et</span> <span class='ocrx_word' id='word_1_219' title='bbox 929 4166 1230 4228; x_wconf 83' lang='lat' dir='ltr'>veteres</span> <span class='ocrx_word' id='word_1_220' title='bbox 1271 4156 1545 4229; x_wconf 86' lang='lat' dir='ltr'>cassati</span> <span class='ocrx_word' id='word_1_221' title='bbox 1587 4166 1777 4227; x_wconf 88' lang='lat' dir='ltr'>sunt.</span> 
     </span>
    </p>

    <p class='ocr_par' dir='ltr' id='par_1_10' title="bbox 341 4278 627 4348">
     <span class='ocr_line' id='line_1_38' title="bbox 341 4278 627 4348; baseline 0.01 -18"><span class='ocrx_word' id='word_1_222' title='bbox 341 4278 392 4348; x_wconf 72' lang='lat' dir='ltr'>a)</span> <span class='ocrx_word' id='word_1_223' title='bbox 435 4279 545 4333; x_wconf 82' lang='lat' dir='ltr'>lus‘t&#39;</span> <span class='ocrx_word' id='word_1_224' title='bbox 582 4297 627 4333; x_wconf 84' lang='lat' dir='ltr'>c.</span> 
     </span>
    </p>
   </div>
   <div class='ocr_carea' id='block_1_3' title="bbox 1864 4373 2021 4427">
    <p class='ocr_par' dir='ltr' id='par_1_11' title="bbox 1864 4373 2021 4427">
     <span class='ocr_line' id='line_1_39' title="bbox 1864 4373 2021 4427; baseline 0 0"><span class='ocrx_word' id='word_1_225' title='bbox 1864 4373 1871 4383; x_wconf 83' lang='lat'>&#39;</span> <span class='ocrx_word' id='word_1_226' title='bbox 1976 4379 2021 4427; x_wconf 76' lang='grc' dir='ltr'>ἱ)</span> 
     </span>
    </p>
   </div>
  </div>
 </body>
</html>
