3050 4900
519 449 659 523 136
919 441 1484 519 RYCCARDUS
1540 442 1663 517 DE
1716 441 1790 517 S.
1847 441 2307 516 GERMANO

511 647 588 721 in
615 644 1062 719 Lombardia
1097 642 1484 718 remansit.
1546 642 1917 717 Henricus
1946 641 2309 715 naturalis
2338 639 2593 772 tilius
2576 664 2710 713 im·-

513 746 884 847 peratoris
922 746 998 818 in
1035 744 1376 819 Sardinia
1415 744 1623 817 duxit
1656 766 1994 817 uxorem.

663 848 928 923 Mense
995 844 1440 920 Novembris
1509 845 1809 919 Landus
1880 841 2400 917 Messanensis
2472 842 2712 915 archi-

514 948 946 1047 episcopus,
1000 946 1074 1020 in
1134 970 1360 1044 quem
1417 956 1839 1020 conventus
1887 944 2325 1021 casinensis
2382 943 2710 1040 eligendi

517 1074 744 1149 quem
804 1049 1034 1121 vellet
1085 1047 1158 1121 in
1213 1051 1563 1121 abbatem
1614 1050 1705 1119 de
1760 1045 2053 1145 gremio
2090 1044 2533 1117 monasterii
2572 1070 2712 1118 sua

515 1161 686 1225 vota
722 1151 1115 1247 dederunt,
1152 1149 1460 1221 fratrem
1493 1148 1965 1247 Stephanum
1993 1148 2085 1221 de
2116 1146 2497 1243 Gorvaric»,
2536 1170 2709 1219 cum

517 1252 727 1325 illum
780 1253 1158 1345 ydoneum
1209 1249 1655 1344 invenisset,
1706 1250 1779 1321 in
1824 1252 2173 1323 abbatem
2210 1247 2711 1322 casinensem

518 1352 785 1449 elegit3
840 1374 1068 1449 quem
1105 1350 1306 1423 idem
1361 1360 1777 1423 conventus
1814 1349 2096 1447 pariter
2130 1348 2579 1445 acceptavit,
2636 1360 2711 1425 et

517 1462 828 1552 propter
887 1452 1032 1525 hoc
1093 1453 1183 1525 ad
1237 1453 1909 1564 representandam
1961 1450 2200 1548 ipsius
2258 1450 2710 1523 electionem

519 1557 794 1627 domno
834 1551 1294 1651 imperatori
1331 1554 1518 1627 duos
1560 1576 1653 1627 ex
1689 1551 2039 1624 fratribus
2076 1550 2365 1625 scilicet
2400 1551 2712 1625 fratrem

519 1656 975 1731 Robbertum
1007 1656 1098 1727 de
1115 1654 1426 1728 Foresta
1457 1663 1534 1727 et
1560 1654 1867 1727 fratrem
1888 1653 2300 1726 Iohannem
2332 1655 2425 1727 de
2445 1652 2712 1725 Ponte·

521 1779 750 1829 curvo
801 1759 894 1830 ad
951 1754 1112 1827 eius
1165 1754 1635 1851 presentiam
1682 1754 2157 1851 direxerunt,
2226 1764 2304 1825 ut
2359 1777 2583 1827 suum
2636 1753 2713 1824 in

521 1880 696 1929 eum
737 1856 915 1929 dare
951 1855 1388 1951 dignaretur
1421 1878 1850 1929 assensum.
1945 1854 2151 1929 Idem
2188 1854 2710 1929 Messanensis

521 1955 1137 2054 archiepiscopus
1188 1979 1360 2029 cum
1397 1954 1728 2029 Berardo
1768 1956 2297 2031 Panormitano
2344 1954 2714 2052 archiepi-

523 2082 756 2171 scopo
789 2067 864 2129 et
891 2057 1178 2131 Thoma
1211 2059 1302 2130 de
1331 2056 1623 2154 Aquino
1656 2058 2103 2131 Acerrarum
2134 2056 2405 2130 comite
2436 2067 2513 2131 et
2540 2080 2711 2129 cum

523 2158 887 2255 magistro
934 2156 1312 2255 Roggerio
1365 2158 1865 2231 Porcastrella
1936 2162 2027 2231 ab
2086 2157 2545 2257 imperatore
2600 2180 2714 2229 re-

521 2259 805 2335 missus
838 2260 930 2333 ad
960 2282 1266 2372 papam,
1299 2260 1621 2333 Romam
1648 2258 1960 2333 veniunt
1988 2282 2121 2356 pro
2151 2283 2339 2356 pace
2370 2270 2445 2332 et
2470 2259 2714 2331 forma

524 2359 922 2434 concordie
975 2359 1153 2433 hinc
1199 2357 1370 2433 inde
1424 2370 1767 2435 tractata.
1873 2359 2111 2433 Guido
2167 2360 2503 2433 Soranus
2561 2358 2713 2458 epi-

521 2486 802 2562 scopus
837 2460 1136 2558 legatus
1175 2486 1216 2534 a
1255 2486 1454 2576 papa
1486 2461 1567 2534 in
1598 2458 2069 2536 Provinciam
2104 2461 2434 2536 mittitur.

673 2561 940 2637 Mense
985 2561 1429 2638 Decembris
1478 2563 1907 2676 imperator·
1938 2563 2497 2662 imperatricem
2536 2587 2713 2634 uxo-

525 2685 688 2736 rem
725 2685 945 2736 suam
982 2666 1074 2736 de
1110 2687 1349 2762 regno
1400 2663 1476 2737 in
1511 2662 2039 2738 Lombardiam
2090 2663 2345 2738 reduci
2382 2663 2586 2738 iubet
2620 2663 2713 2736 ad

526 2787 613 2838 se
683 2788 823 2863 per
881 2765 1296 2838 Berardum
1358 2763 1972 2838 Panormitanum
2035 2763 2714 2864 archiepiscopum.

523 2865 1042 2941 Messanensis
1069 2865 1687 2980 archiepiscopus
1727 2877 1803 2939 et
1836 2866 2076 2940 dictus
2108 2868 2557 2940 Acerrarum
2598 2889 2717 2937 co-

527 2989 694 3040 mes
765 2977 840 3039 et
906 2966 1274 3064 magister
1338 2966 1765 3066 Roggerius
1817 2967 2313 3040 Porcastrella
2372 2969 2465 3041 de
2517 2967 2713 3039 Urbe

525 3090 568 3138 a
610 3091 802 3180 papa
845 3067 1165 3164 digressi
1205 3078 1416 3162 sunt3
1452 3091 1767 3166 quorum
1808 3070 1981 3164 du03
2020 3067 2309 3142 scilicet
2343 3091 2601 3141 comes
2644 3078 2718 3140 et

527 3167 894 3281 magister
925 3169 1432 3265 Roggerius3
1416 3194 1488 3240 in
1527 3193 1851 3266 regnum
1888 3169 2239 3266 redeunt3
2279 3169 2716 3242 Messanen-

529 3267 634 3341 sis
689 3291 870 3341 vero
925 3268 1545 3367 archiepiscopus
1584 3294 1669 3343 se
1706 3269 2126 3368 Anagniam
2170 3268 2480 3343 confert.
2577 3269 2717 3340 Im-

526 3379 832 3467 perator
883 3380 1065 3467 aput
1112 3371 1464 3444 Parmam
1517 3370 1767 3443 natale
1815 3371 2113 3444 Domini
2170 3372 2532 3466 celebrat,
2588 3367 2716 3443 ibi-

530 3491 675 3566 que
725 3480 1248 3566 representate
1302 3471 1440 3545 sibi
1495 3471 1841 3544 electioni
1894 3497 1933 3544 a
1972 3472 2327 3569 predictis
2366 3471 2716 3543 fratribus

528 3569 728 3642 facte
779 3571 872 3642 de
923 3571 1151 3644 fratre
1206 3571 1594 3671 Stephano
1658 3575 1750 3646 ab
1805 3573 2378 3672 archiepiscopo
2430 3573 2717 3644 Messa-

529 3671 746 3743 nensi
774 3671 850 3742 in
881 3675 1227 3746 abbatem
1253 3674 1778 3769 casinensem,
1810 3697 2029 3746 suum
2060 3675 2263 3747 dedit
2290 3693 2717 3746 assensum.

529 3771 788 3845 Dictus
843 3773 1212 3870 magister
1261 3774 1687 3872 Roggerius
1742 3796 1913 3846 cum
1964 3797 2342 3874 responso
2392 3799 2587 3872 pape
2626 3777 2717 3846 ad

529 3872 1065 3972 imperatorem
1101 3875 1312 3950 redit

1505 4027 1753 4120 1239.

683 4164 944 4236 Mense
974 4166 1293 4238 Ianuarii
1321 4168 1701 4262 generalis
1734 4169 2043 4242 collecta
2072 4127 2211 4266 per
2238 4189 2559 4266 regnum
2595 4189 2724 4263 po·

535 4263 750 4336 nitur.
825 4266 1083 4338 Frater
1118 4267 1548 4361 Raynaldus
1587 4271 1679 4342 de
1717 4270 1930 4344 Carci
1970 4281 2045 4344 et
2079 4271 2313 4344 frater
2347 4269 2723 4342 Berardus
