3050 4900
1275 455 1356 523 A.
1419 454 1630 527 1242.
1725 476 1735 483 ·
2422 455 2557 527 153

378 656 749 769 quoddam
769 655 973 750 quod
993 653 1277 725 Yseum
1303 652 1566 724 dicitur
1595 656 1687 724 de
1716 654 2155 750 episcopatu
2178 653 2567 727 Brexiensi

377 756 448 827 vi
489 755 829 853 optinent
865 763 941 825 et
975 752 1344 851 recipiunt
1380 756 1468 824 ad
1509 755 1945 825 mandatum
1986 778 2226 826 suum.

530 856 864 951 Reginus
919 863 994 926 et
1030 854 1398 926 Taurinus
1456 854 1791 952 episcopi
1848 857 1938 927 de
1991 856 2429 927 Lombardia
2474 858 2563 927 ad

384 958 920 1052 imperatorem
959 955 1033 1025 in
1072 954 1416 1050 Apuliam
1455 958 1752 1026 vadunt.
1841 955 2204 1028 Homines
2245 955 2569 1027 demanii

381 1056 831 1152 ubicumque
885 1054 1165 1127 inventi
1219 1078 1354 1151 per
1401 1054 1772 1127 abbatiam
1815 1056 2309 1130 Casinensem
2361 1080 2573 1129 revo-

387 1166 675 1252 cantur,
719 1166 794 1227 et
830 1156 1379 1252 compelluntur
1415 1154 1504 1227 de
1548 1157 1899 1227 mandato
1939 1156 2295 1254 principis
2332 1157 2441 1229 ire
2480 1160 2568 1228 ad

383 1256 869 1330 habitandum
908 1258 997 1327 ad
1039 1255 1429 1329 Civitatem
1471 1280 1768 1326 novam.

532 1357 793 1429 Mense
831 1354 1014 1427 lunii
1053 1356 1412 1427 Asculum
1466 1379 1550 1427 se
1603 1355 1842 1428 reddit
1882 1366 1953 1427 et
1992 1356 2196 1427 venit
2233 1358 2322 1428 ad
2366 1381 2571 1428 man-

383 1460 634 1529 datum
675 1456 1171 1553 imperatoris.
1244 1455 1574 1527 Thomas
1604 1457 2053 1527 Acerrarum
2084 1481 2342 1529 comes
2376 1456 2570 1555 capi-

383 1568 653 1629 taneus
684 1556 755 1627 in
789 1556 1108 1668 Syriam
1111 1556 1568 1627 transfretat
1622 1555 1998 1629 Berardus
2030 1580 2286 1629 comes
2316 1558 2573 1627 Manu-

384 1656 645 1755 plelli
627 1680 835 1728 iussu
877 1654 1232 1753 principis
1273 1656 1344 1727 in
1385 1656 1802 1728 Sardiniam
1844 1656 2573 1730 vadit.Pat1-iarcha

385 1756 918 1855 Aquilegensis
972 1756 1096 1853 qui
1152 1780 1282 1854 pro
1331 1757 1527 1828 facto
1578 1756 2060 1828 Tartaroium
2113 1761 2201 1830 ad
2254 1756 2573 1854 impera-

384 1868 628 1931 torem
668 1867 1005 1953 venerat,
1041 1856 1466 1929 licentiatus
1506 1859 1596 1928 ab
1639 1882 1727 1930 eo
1766 1858 1840 1929 in
1880 1882 2013 1929 sua
2054 1857 2355 1931 recedit.
2432 1858 2574 1929 Im-

386 1967 692 2057 peratoi
741 1957 905 2054 ipse
956 1960 1047 2028 de
1085 1956 1350 2053 Apulia
1405 1966 1583 2027 tunc
1633 1958 1837 2029 venit
1877 1960 2237 2054 Capuam,
2294 1968 2367 2029 et
2405 1958 2574 2030 inde

387 2082 526 2156 per
561 2058 920 2129 Sanctum
958 2056 1419 2127 Germanum
1478 2066 1553 2127 et
1590 2079 1726 2169 per
1758 2058 2129 2154 Aquinum
2173 2058 2578 2153 transienS‚

389 2158 591 2231 vadit
622 2158 714 2229 ad
755 2156 1148 2229 Civitatem
1185 2180 1488 2251 novam,
1544 2156 1664 2228 ubi
1714 2181 1850 2253 per
1899 2156 2058 2229 dies
2106 2157 2385 2253 aliquot
2421 2182 2576 2228 mo

384 2283 552 2331 ram
603 2253 919 2353 faciens,
971 2280 1239 2329 versus
1295 2256 1563 2329 Soram
1612 2256 1836 2331 vadit
1893 2268 1968 2329 et
2018 2255 2189 2331 inde
2245 2256 2581 2369 procedit

392 2359 474 2429 in.
520 2356 900 2453 Marsiam,
958 2357 1074 2429 ubi
1134 2367 1312 2455 aput
1359 2360 1795 2430 Avezanum
1852 2382 1988 2456 per
2039 2368 2274 2431 totum
2328 2359 2576 2455 ipsum

394 2483 736 2532 mensem
778 2458 961 2531 Iunii
1001 2469 1334 2531 moratus
1376 2469 1512 2531 est.

439 2574 443 2578 “
542 2560 807 2632 Mense
862 2559 1020 2631 Iulii
1079 2559 1488 2656 imperator
1548 2571 2007 2656 congregato
2076 2560 2401 2632 exercitu
2466 2583 2580 2630 co-

394 2660 605 2757 pioso
647 2683 876 2758 super
910 2660 1184 2732 Urbem
1226 2659 1448 2754 vaditJ
1507 2670 1579 2732 et
1630 2660 1981 2732 hostilem
2021 2661 2307 2732 faciens
2346 2661 2417 2731 in
2460 2684 2581 2731 ex-

395 2759 792 2832 terioribus
833 2760 1260 2831 vastitatem

547 2883 814 2933 mense
853 2859 1170 2956 Augusti
1210 2860 1281 2930 in
1323 2883 1643 2955 regnum
1684 2883 2035 2931 reversus
2080 2870 2215 2932 est.

543 2963 646 3033 Eo
691 2983 956 3032 mense
988 2961 1197 3034 Oddo
1233 2958 1625 3032 cardinalis
1657 2959 2037 3055 liberatur,
2078 2971 2152 3032 et
2182 2959 2582 3057 episcopus

395 3059 882 3134 Prenestinus
924 3085 1095 3132 cum
1134 3060 1496 3157 magistro
1536 3061 1870 3132 Iohanne
1901 3061 2259 3148 Toletano
2299 3057 2584 3133 reducti

399 3186 438 3233 a
476 3162 794 3258 Tybure,
830 3162 904 3234 in
943 3186 1163 3233 rocca
1203 3161 1382 3256 lani,
1423 3185 1567 3259 que
1609 3172 1724 3232 est
1755 3184 1985 3258 super
2013 3162 2371 3233 Sanctum
2404 3159 2582 3232 Ger·

399 3285 735 3356 manum3
759 3261 1107 3334 servandi
1126 3265 1518 3332 traduntur
1539 3261 1877 3358 Philippo
1901 3265 1992 3334 de
2014 3262 2289 3334 Sancto
2314 3261 2585 3356 Magno

399 3372 578 3432 tunc
633 3360 1085 3454 castellam,
1158 3364 1442 3432 duobus
1509 3364 1988 3457 postmodum
2042 3361 2441 3435 baronibus
2494 3364 2583 3432 ad

403 3481 662 3533 eorum
705 3461 1119 3532 custodiam
1159 3460 1555 3557 deputatis,

551 3561 723 3658 lpso
758 3584 1022 3634 mense
1051 3561 1365 3658 Augusti
1404 3558 1816 3659 imperator
1852 3572 2023 3634 ante
2063 3586 2455 3634 recessum
2496 3564 2586 3633 ab

402 3661 786 3734 obsidione
838 3659 1055 3734 Urbis
1109 3672 1432 3735 statuam
1488 3661 1812 3734 hominis
1867 3683 2122 3733 eream
2166 3672 2240 3733 et
2278 3686 2584 3733 vaccam

404 3785 657 3834 eream
713 3760 1087 3857 similiter7
1159 3787 1303 3859 que
1355 3763 1496 3835 diu·
1540 3771 1907 3834 steterant
1969 3763 2166 3858 apud
2231 3762 2584 3850 Sanctam

399 3862 714 3935 Mariam
753 3865 844 3934 de
875 3861 1124 3960 Cripta
1162 3863 1440 3936 ferrata
1479 3873 1552 3934 et
1588 3886 1857 3960 aquam
1889 3885 2025 3959 per
2054 3887 2189 3934 sua
2222 3863 2583 3934 foramina

403 3964 801 4036 artificiose
867 3963 1312 4057 fundebant
1382 3964 1454 4035 in
1517 3987 1839 4058 regnum
1905 3966 2098 4058 apud
2161 3963 2586 4060 Lucerium,

400 4065 663 4176 Apulie
721 4059 1142 4159 civitatem
1217 4063 1336 4136 ubi
1393 4063 1789 4186 Sarraceni
1840 4065 2248 4159 degebant,
2304 4063 2582 4162 portari

404 4164 620 4237 iubet.

551 4266 811 4338 Mense
870 4264 1333 4362 Septembris
1390 4287 1646 4337 comes
1701 4265 2123 4338 Tolosanus
2174 4275 2353 4361 aput
2406 4264 2582 4336 Mel-
