3050 4900
485 449 581 522 68
887 449 1452 524 RYCCARDUS
1506 450 1629 523 DE
1682 451 1756 524 S.
1812 451 2271 524 GERMANO

631 650 1047 746 Imperator
1098 652 1292 748 apud
1331 649 1684 722 Barolum
1727 651 2006 748 pascha
2047 651 2340 723 Domini
2382 652 2669 749 magni-

482 750 623 823 fice
654 750 983 822 celebrat
1010 751 1079 821 in
1113 749 1315 822 omni
1348 749 1621 846 gaudio
1652 761 1726 823 et
1756 751 2236 845 exultatione,
2275 752 2444 849 quia
2476 752 2671 824 sicut

483 876 576 923 ex
627 851 892 923 litteris
949 861 1125 924 tunc
1180 852 1537 923 didicerat
1574 852 1864 924 Thome
1902 855 1991 924 de
2028 852 2318 948 Aquino
2355 855 2668 926 Acerra-

482 975 646 1024 rum
702 950 995 1024 comitis
1051 954 1143 1022 ad
1183 975 1402 1024 suum
1443 952 1833 1024 servitium
1886 952 1961 1024 in
1999 952 2211 1046 Syria
2250 953 2669 1050 existentiS,

478 1052 624 1126 illis
687 1053 948 1126 diebus
1012 1053 1426 1127 Coradinus
1491 1053 1849 1125 soldanus
1913 1052 2263 1126 Damasci
2326 1064 2667 1126 mortuus

479 1154 742 1226 fuerat.
817 1152 1058 1239 Quam
1098 1156 1189 1226 ob
1229 1176 1390 1224 rem
1428 1152 1501 1224 in
1538 1153 1949 1230 subsidium
1979 1163 2179 1224 terre
2210 1165 2470 1227 sancte
2501 1154 2669 1226 diri-

477 1252 1064 1350 gitRyccardum
1097 1255 1188 1324 de
1219 1252 1637 1350 principatu
1668 1253 2217 1326 marescalcum
2248 1278 2469 1326 suum
2493 1278 2664 1326 cum

478 1353 906 1452 quingentis
962 1352 1357 1450 militibus,
1415 1355 1537 1451 qui
1594 1377 1635 1426 a
1690 1353 2108 1427 Brundusio
2162 1354 2360 1426 felici
2412 1355 2665 1427 omine

475 1452 1002 1527 transfretavit.
2680 1529 2705 1541 ,

629 1552 1040 1650 Gregorius
1091 1577 1316 1651 papa,
1372 1554 1748 1627 celebrato
1798 1554 2081 1652 pascha
2130 1557 2322 1652 apud
2362 1553 2665 1626 Latera-

476 1679 696 1749 num,
762 1663 940 1750 post
999 1653 1300 1726 tertium
1367 1654 1567 1727 diem
1630 1658 1723 1727 ad
1784 1655 2145 1727 Sanctum
2210 1655 2511 1727 Petrum
2576 1679 2661 1728 se

476 1753 809 1848 contulit,
846 1753 968 1828 ubi
999 1754 1314 1826 Romani
1345 1756 1795 1827 accedentes
1824 1757 1913 1826 ad
1946 1754 2223 1851 ipsum,
2253 1778 2423 1828 cum
2453 1754 2661 1828 illum

476 1857 872 1928 crederent
924 1855 1200 1927 Urbem
1259 1854 1454 1927 velle
1510 1855 1801 1928 occulte
1859 1857 2090 1950 exire7
2142 1865 2299 1927 tum
2357 1867 2663 1954 propter

472 1957 751 2029 factum
807 1954 1312 2052 imperatoris⁷
1369 1966 1525 2027 tum
1576 1979 1706 2053 pro
1758 1956 1954 2028 facto
1991 1955 2322 2052 viterbii,
2374 1957 2659 2030 iniuriis

473 2055 728 2130 multis
781 2067 855 2128 et
904 2056 1376 2128 contumeliis
1433 2055 1849 2128 affecerunt
1897 2056 2185 2154 ipsum,
2259 2068 2334 2129 et
2396 2057 2659 2130 seditio

473 2181 747 2254 magna
789 2167 1045 2228 contra
1089 2181 1259 2229 eum
1300 2158 1492 2228 facta
1540 2167 1653 2228 est
1692 2181 1733 2228 a
1772 2157 2276 2254 popularibus

619 2259 884 2331 Mense
920 2258 1192 2356 Aprilis
1225 2259 1731 2330 Romanorum
1766 2259 2139 2330 exercitus
2172 2281 2403 2355 super
2429 2258 2659 2330 Viter-

469 2361 670 2433 bium
712 2358 932 2431 vadit.

619 2461 1035 2557 Imperator
1087 2483 1218 2555 pro
1269 2458 1597 2531 subsidio
1647 2468 1845 2531 terre
1884 2470 2146 2531 sancte
2184 2462 2274 2530 ab
2314 2459 2657 2531 ecclesiis

469 2573 545 2634 et
582 2560 928 2657 personis
971 2558 1503 2631 ecclesiasticis
1544 2559 1814 2655 ubique
1853 2583 1991 2654 per
2020 2582 2341 2655 regnum
2372 2570 2657 2631 certam

469 2661 698 2757 exigit
748 2660 1065 2758 pecunie
1113 2659 1633 2757 quantitatem⁷
1690 2670 1763 2731 et
1797 2670 1977 2731 tunc
2013 2663 2104 2732 de
2147 2660 2348 2731 mille
2388 2662 2657 2731 ducen-

466 2763 562 2836 tis
604 2761 839 2833 unciis
880 2771 1186 2858 propter
1224 2762 1365 2832 hoc
1401 2760 1772 2856 impositis
1812 2770 2011 2832 terre
2042 2760 2505 2852 monasterii,
2542 2784 2655 2831 re-

469 2863 669 2936 misit
707 2863 1114 2958 imperator
1151 2864 1242 2933 de
1280 2860 1518 2958 gratia
1559 2860 1819 2932 uncias
1860 2860 2017 2931 auri
2058 2871 2381 2932 centum.

618 2962 1026 3058 Gregorius
1083 2987 1276 3058 papa
1327 2962 1602 3033 Urbem
1658 2960 1916 3034 exiens
1969 2964 2106 3034 sub
2159 2960 2303 3033 fido
2353 2963 2651 3054 ducatu7

466 3063 668 3137 vadit
706 3063 937 3134 Reate
975 3085 1240 3133 mense
1278 3060 1573 3157 Aprilis.

615 3164 895 3236 Eodem
949 3184 1214 3233 mense
1254 3161 1665 3258 Gregorius
1712 3187 1906 3261 papa
1957 3186 2095 3260 per
2131 3186 2309 3234 suas
2352 3164 2655 3233 mandat

461 3264 749 3336 litteras
788 3260 1160 3334 universis
1200 3262 1693 3336 ecclesiarum
1734 3263 2040 3361 prelatis
2079 3274 2157 3335 et
2192 3261 2482 3336 clericis
2516 3285 2653 3359 per

465 3386 783 3461 regnum
825 3362 1072 3435 Sicilie
1111 3363 1557 3438 constitutis
1612 3369 1751 3438 sub
1796 3364 2401 3437 interminatione
2438 3361 2650 3435 ultio-

464 3464 580 3538 nis
630 3463 1026 3559 canonice,
1097 3487 1192 3536 ne
1245 3465 1410 3563 quis
1451 3490 1709 3539 eorum
1748 3465 2182 3563 imperatori
2220 3473 2349 3536 aut
2384 3462 2648 3537 baiulis

465 3566 621 3638 suis
661 3567 837 3636 dare
877 3564 1148 3663 aliquid
1183 3589 1320 3663 pro
1360 3566 1904 3665 redemptione,
1958 3570 2125 3639 data
2168 3565 2289 3637 vel
2336 3564 2649 3637 collecta

463 3675 869 3765 presumat.

611 3766 1046 3863 Imperatrix
1108 3769 1305 3864 apud
1367 3766 1724 3839 Andriam
1789 3766 2020 3839 filium
2087 3767 2280 3864 parit
2339 3764 2646 3837 nomine

461 3868 978 3963 Chunradum3
1023 3893 1168 3965 que
1207 3892 1356 3939 non
1394 3867 1629 3938 multo
1664 3877 1865 3963 post,
1904 3867 2097 3941 sicut
2132 3866 2452 3941 Domino
2490 3865 2647 3963 pla-

461 3968 636 4059 cuit.
690 3967 1020 4041 ibidem
1003 3994 1073 4040 m
1115 3970 1264 4039 fata
1306 3966 1703 4040 concessit.

609 4069 1024 4165 Imperator
1083 4067 1296 4165 regni
1360 4067 1667 4164 prelatis
1728 4078 1803 4139 et
1853 4068 2328 4166 magnatibus
2392 4092 2647 4141 coram

460 4192 544 4240 se
597 4172 792 4266 apud
830 4171 1181 4242 Barolum
1222 4169 1731 4266 congregatis,
1786 4179 2045 4267 parato
2104 4169 2240 4243 sibi
2296 4168 2646 4244 tribunali

459 4274 595 4341 sub
654 4270 820 4341 divo
876 4279 1182 4367 propter
1228 4270 1477 4365 gentis
1529 4269 2080 4343 multitudinem
2140 4295 2285 4367 que
2339 4270 2643 4367 copiosa
