3050 4900
1195 425 1279 498 A.
1343 429 1558 501 1210.
1622 429 1831 502 1211.
2517 429 2609 500 31

575 757 840 832 Petrus
881 759 1316 834 Casinensis
1369 764 1605 833 abbas
1652 784 1920 834 mense
1956 761 2300 833 Ianuarii.
2356 762 2609 858 quinto
2631 779 2749 822 ac
2752 780 2836 822 in.

420 859 769 932 videlicet
804 859 962 933 Kal.
999 859 1376 933 Februarii
1414 861 1489 932 in
1528 861 1991 934 monasterio
2028 862 2225 934 obiit.
2635 835 2747 962 ¹2⁸3·

572 961 1051 1034 Innocentius
1093 986 1286 1059 papa
1321 962 1394 1034 in
1433 961 1553 1034 die
1582 972 1845 1035 sancto
1878 963 2074 1038 lovis
2106 963 2614 1034 excommuni-
2634 981 2755 1035 Mar
2758 991 2792 1035 ι.

419 1063 796 1134 cationem
856 1062 1084 1135 latam
1138 1063 1210 1134 in
1263 1062 1617 1137 Ottonem
1670 1074 1746 1136 et
1797 1063 1959 1136 eius
2017 1086 2387 1161 sequaces
2444 1085 2615 1136 con·
2668 1055 2758 1109 31·

419 1161 690 1235 firmat.

572 1270 733 1341 Hoc
788 1293 984 1342 anno
1037 1269 1454 1344 Adenulfus
1511 1269 1963 1368 cognomine
2020 1269 2481 1344 casertanus
2537 1271 2607 1342 in

417 1374 768 1443 abbatem
807 1369 1306 1445 Casinensem
1345 1371 1665 1468 eligitur.

568 1487 826 1562 Dictus
885 1487 1062 1561 Otto
1114 1513 1290 1562 cum
1341 1497 1577 1562 totam
1633 1489 1791 1563 fere
1846 1489 1986 1562 sibi
2035 1489 2381 1588 Apuliam
2438 1493 2609 1563 sub-

417 1588 786 1684 iugasset.,
837 1589 1088 1661 audito
1141 1591 1336 1688 quod
1393 1591 1695 1687 quidam
1748 1590 2192 1664 Alamannie
2231 1590 2607 1688 principes

417 1688 558 1762 sibi
593 1689 1144 1763 rebellaverant
1176 1692 1535 1763 mandato
1572 1691 2013 1789 apostolico,
2050 1714 2371 1787 regnum
2404 1691 2607 1764 festi-

417 1815 560 1862 nus
599 1790 982 1886 egreditur
1017 1814 1285 1864 mense
1322 1791 1789 1885 Novembris,
1831 1801 1909 1864 et
1946 1815 2212 1864 mense
2250 1791 2490 1864 Martii
2531 1791 2604 1864 in
2631 1813 2787 1865 1212.

414 1890 936 1962 Alamanniam
975 1891 1364 1964 remeavit.

563 2011 850 2081 Eodem
903 2033 1168 2082 mense
1223 2009 1464 2082 Martii
1517 2010 1955 2082 Fredericus
2014 2033 2143 2082 rex
2196 2008 2446 2082 Sicilie
2510 2013 2605 2083 ab

411 2108 846 2182 Innocentio
886 2133 1081 2207 papa
1119 2120 1458 2206 vocatus,
1495 2109 1797 2206 navigio
1828 2121 2089 2183 vectus
2116 2133 2157 2181 a
2190 2109 2602 2204 Gaietanis.,

411 2208 694 2282 relictis
749 2209 1097 2282 Panormi
1151 2235 1381 2282 uxore
1433 2220 1507 2283 et
1560 2209 1737 2304 filio7
1792 2210 2133 2283 Gaietam
2172 2210 2395 2282 venit.
2492 2213 2600 2284 Ad

409 2333 638 2406 quem
693 2310 934 2384 dictus
990 2310 1398 2384 Riccardus
1452 2314 1545 2383 de
1581 2310 1845 2410 Aquila
1873 2312 2273 2382 Fundanus
2316 2334 2602 2404 comes„

409 2420 488 2483 et
521 2411 868 2511 prephati
903 2411 1186 2485 domini
1222 2415 1314 2485 de
1341 2413 1637 2511 Aquino
1664 2415 1964 2485 vadunt.
2036 2412 2244 2485 Tunc
2274 2435 2404 2484 rex
2436 2411 2599 2509 ipse

410 2513 501 2584 a'd
561 2512 1002 2610 petitionem
1057 2514 1446 2586 hominum
1505 2538 1726 2586 rocce
1781 2514 2097 2608 Bant1·e.,
2166 2514 2289 2611 qui
2344 2536 2599 2586 acces-

411 2623 674 2685 serunt
721 2617 814 2687 ad
873 2639 1074 2709 eum3
1129 2614 1623 2687 castellanum
1682 2614 1904 2687 mittit
1949 2615 2357 2686 Iohannem
2411 2616 2597 2687 Rus-

408 2738 580 2787 sum
619 2714 862 2787 civem
902 2715 1375 2811 Gagetanum
1426 2715 1739 2787 militem
1794 2738 2059 2807 suum3
2112 2724 2188 2785 et
2240 2740 2281 2785 a
2334 2713 2595 2786 Gaieta

408 2814 847 2910 discedens,
919 2839 1054 2913 per
1101 2839 1312 2887 mare
1363 2817 1454 2887 ad
1509 2816 1783 2887 Urbem
1841 2814 2075 2908 vadit,
2132 2814 2249 2886 ubi
2302 2838 2345 2885 a
2400 2838 2595 2910 papa

407 2916 840 2987 Innocentio
895 2928 972 2989 et
1019 2940 1062 2987 a
1119 2915 1392 2987 ceteris
1441 2914 1938 2987 cardinalibus
1978 2923 2245 2987 senatu
2285 2915 2593 3011 populo-

405 3040 552 3113 que
589 3017 929 3089 Romano
985 3016 1272 3113 ingenti
1320 3039 1492 3089 cum
1532 3017 1819 3087 honore
1856 3025 2209 3112 receptus
2246 3025 2386 3087 est.
2483 3016 2591 3087 Ad

403 3140 630 3213 quem
687 3118 970 3191 missus
1013 3142 1106 3189 ex
1146 3126 1356 3215 parte
1393 3128 1812 3190 conventus
1849 3117 2279 3215 Stephanus
2320 3139 2593 3213 cogno·

405 3228 660 3290 mento
709 3222 802 3291 de
841 3217 1110 3291 Marsia
1148 3229 1328 3290 tunc
1365 3217 1825 3291 camerarius
1864 3216 2329 3312 CasinensiS,
2383 3242 2589 3303 man·

404 3320 574 3389 dato
630 3343 824 3417 pape
880 3318 1290 3391 Innocentii
1325 3319 1615 3391 litteras
1654 3329 1730 3390 et
1770 3320 2203 3390 mandatum
2238 3318 2590 3415 impetra—

403 3418 508 3489 vit
558 3444 595 3489 a
651 3443 832 3516 rege
871 3423 962 3492 ad
1017 3419 1510 3491 castellanum
1561 3419 1835 3490 rocche
1885 3418 2247 3515 predicte,
2301 3429 2377 3490 ut
2417 3442 2589 3491 eam

401 3518 832 3592 restitueret
869 3518 1332 3593 monasterio
1369 3519 1785 3594 Casinensi.
1874 3520 1965 3593 Et
1999 3529 2173 3617 post
2208 3518 2369 3592 dies
2408 3543 2587 3616 pau-

400 3642 534 3691 cos
589 3623 680 3693 ab
725 3622 924 3694 Urbe
976 3621 1376 3694 discedens
1433 3646 1603 3693 cum
1656 3620 1957 3692 licentia
2009 3644 2203 3718 pape
2244 3630 2318 3692 et
2356 3619 2587 3691 caidi-

401 3719 710 3816 nahum,
741 3746 826 3795 se
849 3722 1149 3817 navigio
1171 3721 1460 3819 recipit
1481 3723 1790 3793 lanuam
1820 3720 2137 3793 feliciter
2162 3718 2585 3817 applicans3

399 3819 570 3893 inde
605 3846 746 3919 per
779 3825 1232 3897 Cremonam
1273 3833 1348 3895 et
1384 3826 1757 3895 Veronam
1800 3821 2046 3893 invitis
2084 3818 2585 3891 Mediolanen-

399 3920 634 4017 sibuS‚
663 3923 786 4020 qui
819 3924 980 3995 eius
1009 3924 1374 4022 impedire
1401 3924 1802 3997 transitum
1820 3922 2321 4015 crediderunt
2346 3930 2585 3992 trans-

398 4022 756 4120 alpinavit
791 4048 962 4097 cum
1005 4025 1282 4122 paucis.

547 4142 761 4215 Hunc
830 4142 1001 4216 dicti
1065 4144 1360 4217 Ottonis
1424 4142 1649 4215 emuli
1715 4141 2037 4238 benigne
2102 4141 2584 4238 recipienteS,

395 4265 712 4337 gressus
765 4254 840 4317 et
875 4243 1015 4317 iter
1052 4244 1214 4317 eius
1255 4253 1508 4317 contra
1550 4268 1723 4316 eum
1762 4243 1835 4314 in
1892 4244 2087 4315 viam
2147 4254 2459 4336 lectam,
2512 4251 2585 4313 et
