3050 4900
1283 441 1363 514 A.
1425 442 1640 515 1237.
2426 440 2569 513 133

379 642 529 715 iam
580 640 803 753 dicto,
857 636 1031 738 quia
1086 636 1160 708 in
1209 638 1578 714 electione
1618 662 1767 711 non
1806 637 2055 713 fuerat
2089 638 2227 709 rite
2265 658 2568 735 proces·

379 767 576 837 sum.
630 740 1114 854 optinuerunt
1167 741 1256 810 ad
1308 742 1623 815 multam
1676 738 2113 812 instantiam
2162 762 2257 811 ne
2312 762 2568 812 mona-

381 842 694 917 sterium
747 841 824 913 in
873 839 1205 915 deterius
1263 852 1652 939 vergeret
1719 850 1800 912 ut
1852 840 2139 915 electus
2192 839 2367 937 ipse
2412 862 2569 915 am·

381 942 844 1017 ministraret
880 964 1120 1039 usque
1157 944 1250 1015 ad
1288 941 1843 1041 beneplacitum
1879 964 2098 1038 pape.

527 1046 810 1119 Eodem
866 1064 1134 1115 mense
1171 1043 1490 1141 Augusti
1542 1047 1633 1117 de
1684 1044 2041 1116 mandato
2088 1040 2573 1139 imperatoris

377 1148 470 1218 de
506 1144 820 1219 Lucerio
852 1154 1030 1241 aput
1060 1143 1498 1219 Ravennam
1526 1146 1808 1218 vadunt
1843 1146 2109 1216 decem
2141 1141 2366 1217 millia
2396 1140 2571 1215 Sar·

379 1269 826 1318 racenorum
874 1244 945 1316 in
986 1242 1397 1320 subsidium
1425 1245 1629 1361 ocius,
1682 1268 1855 1316 cum
1907 1243 2285 1317 civitatem
2322 1242 2567 1340 ipsam

377 1348 449 1419 in
491 1346 745 1420 odium
781 1346 1287 1445 imperatoris,
1326 1347 1537 1419 cuius
1576 1356 1871 1444 partem
1907 1346 2233 1441 fovebat,
2284 1344 2339 1417 F
2342 1366 2568 1417 aven

377 1448 555 1543 tini,
606 1447 730 1544 qui
783 1456 996 1519 erant
1049 1470 1142 1519 ex
1194 1458 1409 1546 parte
1457 1446 2173 1521 Mediolanensium
2240 1444 2570 1541 graviter

378 1549 859 1642 infestarent·
931 1548 1020 1617 ad
1096 1550 1308 1621 cuius
1379 1548 1605 1619 etiam
1676 1547 2070 1619 defensam
2135 1554 2570 1637 accesserat

381 1648 638 1721 Simon
693 1670 950 1719 comes
989 1647 1400 1721 Theatinus
1452 1651 1543 1721 de
1596 1649 1948 1719 mandato
1985 1646 2355 1746 imperiali
2396 1668 2565 1718 cum

381 1748 808 1847 quingentis
845 1746 1223 1821 militibus.

527 1850 794 1923 Mense
845 1848 1312 1946 Septembris
1364 1849 1732 1923 Hem-icus
1788 1852 1880 1922 de
1918 1850 2159 1921 Merra
2201 1846 2570 1945 magister

377 1950 814 2023 iustitiarius
869 1949 1078 2021 venit
1125 1954 1214 2025 ad
1267 1951 1629 2023 Sanctum
1683 1951 2171 2063 Germanum„
2226 1959 2305 2022 et
2351 1972 2568 2021 occa-

379 2050 592 2123 sione
645 2048 1144 2147 inquisitionis
1201 2050 1379 2123 olim
1431 2050 1629 2121 facte
1680 2049 1957 2123 ibidem
2010 2054 2101 2123 de
2166 2049 2566 2123 subtractis

376 2152 805 2225 hominibus
842 2162 1186 2267 tempore
1215 2150 1529 2248 Philippi
1569 2153 1661 2223 de
1692 2150 1892 2223 Citro
1932 2155 2024 2224 ab
2060 2167 2291 2249 opere
2330 2150 2567 2221 muni-

377 2254 602 2330 tionis
638 2263 838 2325 terre
875 2252 1141 2350 ipsius,
1197 2252 1659 2350 generaliter
1703 2275 1840 2350 pro
1878 2252 2023 2325 hiis
2049 2250 2187 2366 'qui
2227 2274 2359 2323 eos
2398 2253 2569 2324 sub-

375 2364 764 2430 traxerant
796 2377 934 2453 per
967 2362 1202 2427 totam
1233 2352 1636 2469 abbatiam,
1676 2353 2099 2468 composuit
2128 2374 2298 2425 cum
2330 2351 2446 2425 eis
2472 2355 2565 2425 ad

379 2458 744 2532 maiorem
795 2479 1074 2554 penam
1125 2454 1504 2530 vitandam
1555 2455 1628 2527 in
1668 2457 1817 2529 300
1854 2455 2117 2529 uncias
2152 2453 2340 2552 auri⁷
2394 2478 2565 2526 cum

377 2557 710 2654 predicto
761 2579 940 2630 vero
1001 2557 1339 2655 Philippo
1393 2559 1485 2630 de
1524 2555 1726 2629 Citro
1762 2555 1837 2628 in
1878 2567 2223 2653 centum3
2280 2566 2357 2628 et
2390 2565 2570 2628 tunc

381 2669 693 2732 vocatus
733 2681 777 2728 a
815 2680 1108 2753 cesare,
1155 2659 1246 2730 ad
1285 2657 1533 2754 ipsum
1571 2656 1646 2728 in
1683 2657 2207 2732 Lomba'rdiam
2245 2658 2467 2731 vadit.

529 2759 796 2845 Mense¹
859 2757 1206 2831 Octobris
1264 2757 1677 2854 imperator
1738 2758 1937 2857 cepit
1988 2758 2437 2832 Marcariam
2492 2757 2565 2830 in

377 2858 860 2953 Lombardia3
901 2871 974 2932 et
1013 2882 1183 2931 cum
1222 2857 1454 2930 nollet
1481 2857 1730 2930 habita
1760 2859 2059 2931 Mantua
2098 2859 2369 2957 alloqui
2411 2882 2568 2930 car-

378 2962 692 3056 dinales,
745 2957 890 3059 ipsi
945 2960 1263 3033 Romam
1315 2958 1606 3031 reversi
1657 2968 1867 3055 sunt3
1918 2959 2041 3032 ubi
2084 2960 2309 3032 etiam
2347 2960 2567 3033 biduo

380 3073 552 3136 ante
606 3060 1016 3158 Gregorius
1073 3085 1268 3160 papa
1327 3062 1418 3132 de
1467 3059 1793 3132 Viterbio
1846 3061 2215 3158 redierat,
2270 3072 2347 3134 et
2391 3085 2566 3133 cum

379 3165 666 3236 honore
703 3164 936 3235 multo
975 3172 1326 3259 receptus
1364 3162 1612 3233 fuerat
1647 3185 1687 3232 a
1727 3160 2113 3236 Romanis.

527 3262 791 3334 Mense
826 3262 1270 3335 Novembris
1311 3265 1873 3336 embassatores
1912 3263 2228 3336 Romani
2287 3266 2377 3335 ad
2434 3263 2567 3334 im·

380 3371 806 3460 peratorem
846 3363 924 3434 in
958 3362 1484 3434 Lombardiam
1522 3365 1823 3434 vadunt.
1927 3365 2347 3463 Imperator
2396 3386 2565 3436 cum

377 3464 758 3535 fortunato
814 3462 1143 3536 exercitu
1198 3486 1336 3536 suo
1375 3463 1573 3560 cepit
1609 3463 1937 3538 Montem
1980 3465 2323 3538 clarum
2302 3489 2376 3536 ιιι
2416 3465 2570 3564 epi·

379 3573 692 3678 scopatu
724 3563 1018 3661 Brexie,
1057 3565 1251 3662 quod
1291 3563 1503 3638 bonis
1543 3564 1889 3640 omnibus
1928 3566 2331 3664 spoliatum
2368 3589 2569 3638 com-

378 3665 539 3739 buri
570 3665 810 3760 iubet3
833 3675 1142 3764 propter
1167 3668 1361 3762 quod
1382 3664 1888 3740 Brexienses
1869 3691 1944 3738 ιιι
1969 3691 2191 3739 suum
2213 3664 2569 3738 auxilium

377 3765 981 3839 Mediolanenses
1031 3776 1330 3862 vocant,
1385 3767 1508 3864 qui
1561 3765 1633 3837 in
1688 3791 1915 3838 manu
1967 3767 2207 3840 valida
2250 3765 2567 3838 militum

379 3874 456 3939 et
503 3869 836 3965 peditum
884 3877 1344 3964 congregato
1385 3866 1743 3961 exercitue
1796 3888 2068 3941 versus
2106 3867 2453 3940 Brexiam
2492 3867 2565 3939 in

379 3968 540 4041 eius
598 3968 949 4040 auxilium
1005 3968 1314 4066 profecti
1355 3978 1556 4042 sunt
1612 3977 1867 4040 contra
1907 3969 2441 4084 imperatorem
2484 3991 2567 4041 se

379 4077 667 4142 temere
723 4079 1216 4167 opponentes,
1316 4069 1524 4156 Quos
1565 4068 1973 4166 imperator
2008 4071 2177 4168 ipse
2212 4074 2277 4144 4.
2319 4079 2565 4143 stante

379 4172 642 4242 eodem
685 4194 951 4243 mense
989 4169 1460 4266 NovembriS,
1500 4193 1671 4242 curn
1710 4173 1907 4284 apud
1946 4173 2249 4246 Curtem
2289 4195 2562 4244 novam

379 4293 510 4340 sua
577 4271 894 4344 tentoria
957 4270 1396 4344 defixissent
1459 4275 1548 4343 ab
1610 4271 1848 4368 ipsius
1911 4272 2103 4345 facie
2158 4267 2563 4369 fugientes,
