3050 4900
267 1300 408 1372 Aug.
412 1302 465 1357 5.

321 3009 462 3080 Aug.

321 3205 461 3275 Aug.

356 3277 445 3331 31.

319 3809 462 3880 Aug.

352 3883 442 3937 24.

497 486 638 557 100
893 482 1457 557 RYCCARDUS
1513 484 1635 555 DE
1690 483 1761 556 S.
1819 483 2282 558 GERMANO

487 678 754 755 turrem
814 683 996 768 facit
1056 705 1214 754 cnm
1268 682 1557 767 fabrica
1610 687 2135 756 eminentiorem
2192 687 2519 757 omnibus
2565 690 2681 772 fa-

487 784 699 855 bricis
749 788 819 853 et
863 784 1288 854 crassiorem
1340 790 1408 855 et
1453 784 1897 878 ampliorem,
1952 782 2055 856 ad
2102 787 2337 857 instar
2385 790 2685 859 maximi

487 885 767 975 montis,
821 884 924 953 ita
979 882 1171 977 quod
1223 906 1468 955 omnes
1515 884 1629 954 sui
1678 882 1943 955 habent
1992 908 2343 978 expensas
2396 888 2467 957 in
2520 890 2679 979 ipsa

483 984 792 1070 fabrica.
861 982 954 1053 Et
975 981 1160 1054 idem
1191 983 1528 1055 andimus
1556 984 1642 1055 de
1670 1007 1835 1078 reye
1862 984 2078 1078 siclo,
2119 1008 2251 1079 que
2273 987 2680 1080 periculosa

485 1084 832 1157 videntur.

637 1180 1078 1256 sabinensis
1119 1182 1522 1281 episcopus
1566 1193 1640 1255 et
1670 1183 2067 1256 cardinalis
2094 1185 2370 1257 Sancte
2402 1184 2677 1258 Sabine

487 1283 606 1356 die
641 1284 815 1355 lune
845 1282 1104 1380 quinto
1134 1282 1456 1355 intrante
1477 1282 1795 1379 Augusti
1820 1287 2265 1357 recedentes
2288 1288 2378 1358 de
2400 1286 2675 1357 Sancto

487 1384 894 1498 GermanO,
949 1385 1421 1480 Ceperanum
1481 1408 1567 1456 se
1624 1385 2053 1478 conferunt·
2108 1388 2197 1457 ad
2250 1410 2437 1481 quos
2478 1386 2681 1458 vadit

485 1485 651 1597 ipse
689 1484 1123 1581 imperator,
1178 1494 1254 1555 et
1295 1484 1625 1556 exterius
1666 1495 1913 1557 castra
1955 1495 2279 1557 metatus
2314 1496 2459 1581 est,
2512 1512 2677 1599 pre-

488 1584 833 1683 cepitque
876 1583 1228 1657 militibus
1268 1585 1426 1657 suis
1457 1584 2044 1658 ostentationem
2075 1585 2375 1714 facere
2360 1612 2431 1657 m
2464 1587 2675 1684 equis

488 1696 562 1757 et
599 1684 853 1757 armis.

637 1785 808 1882 Ipso
861 1808 1128 1857 mense
1163 1785 1481 1882 Augusti
1540 1785 1609 1855 in
1665 1786 1857 1858 festo
1911 1786 2103 1859 beati
2144 1786 2463 1883 apostoli
2501 1787 2675 1878 Bar-

489 1884 848 1957 tholomei
905 1885 1298 1981 fulgur,de
1353 1886 1514 1957 celo
1574 1886 1927 1981 veniens⁷
2000 1888 2421 1983 campanile
2473 1887 2676 1962 Casi-

491 2008 729 2057 nense
767 1985 1168 2083 percussit,
1222 1998 1296 2058 et
1334 1995 1566 2059 totam
1610 1986 1769 2059 eius
1810 1988 2325 2059 summitatem
2369 1988 2680 2085 proiecit

489 2086 564 2157 in
618 2096 928 2181 terram,
983 2085 1212 2158 salvis
1265 2096 1519 2158 tamen
1576 2086 1963 2185 campanis
2016 2112 2161 2184 que
2200 2098 2411 2159 erant
2448 2088 2523 2159 in
2564 2113 2673 2160 eo,

489 2188 781 2259 Interea
820 2187 1326 2259 laborantibus
1366 2187 1539 2259 hinc
1578 2186 1747 2260 inde
1785 2188 2063 2258 nuntiis
2104 2212 2195 2259 ex
2234 2198 2447 2285 parte
2480 2213 2673 2286 pape

489 2297 565 2359 et
616 2287 1130 2385 imperatoris,
1202 2288 1563 2383 magistro
1635 2290 1901 2359 domus
1958 2288 2535 2360 Teutonicorum
2604 2300 2679 2361 et

488 2386 948 2486 principibus
1018 2388 1464 2460 Alamannie
1531 2388 2022 2486 supradictis,
2093 2413 2233 2486 pax
2305 2399 2423 2462 est
2483 2390 2676 2461 inter

484 2489 733 2586 ipsum
806 2513 1078 2602 papam
1149 2499 1224 2561 et
1286 2513 1629 2561 cesarem
1694 2490 2140 2585 reformata.,
2214 2499 2289 2561 et
2350 2492 2671 2584 quedam

487 2609 702 2660 arces
759 2589 969 2684 1egni
1025 2589 1288 2660 tradite
1347 2599 1522 2660 sunt
1574 2592 1943 2662 servande
2002 2544 2365 2685 ma’gistro
2406 2594 2673 2662 domus

484 2688 1062 2760 Teutonicorum
1130 2713 1368 2786 usque
1424 2693 1516 2761 ad
1570 2701 1856 2763 certum
1895 2701 2197 2787 tempus
2236 2714 2371 2788 pro
2414 2691 2673 2762 maiori

485 2789 808 2863 ecclesie
857 2790 1244 2884 firmitate3
1302 2801 1376 2862 et
1411 2801 1590 2862 tunc
1638 2791 2043 2889 imperator
2088 2792 2253 2889 ipse
2293 2791 2361 2862 in
2406 2791 2671 2864 castris

485 2887 660 2962 ante
699 2889 1204 2988 Ceperanum7
1261 2891 1331 2961 in
1373 2891 1713 2989 cappella
1753 2903 2013 2964 sancte
2052 2892 2285 2986 luste5
2330 2891 2447 2964 die
2488 2895 2673 2964 Mer-

487 2990 667 3062 curii
720 2993 794 3062 in
846 2992 1040 3062 festo
1097 2990 1290 3062 beati
1341 2991 1763 3088 Augustini⁷
1816 3016 1954 3088 per
2005 2993 2501 3066 Sabinensem
2559 3002 2674 3064 est

429 3119 447 3137 ·
485 3091 924 3188 episcopum
947 3096 1036 3162 ab
1056 3091 1855 3164 excommunicationis
1876 3093 2169 3165 vinculo
2187 3091 2670 3166 absolutus39.

483 3190 842 3264 Similiter
893 3199 969 3263 et
1018 3214 1286 3262 omnes
1339 3191 1475 3263 sui.
1573 3194 1662 3264 Et
1712 3192 1968 3264 ultimo
2020 3195 2305 3266 mensis
2354 3193 2672 3290 Augusti

486 3291 688 3364 vadit
723 3289 1173 3388 Anagniam⁷
1226 3291 1610 3364 locuturus
1650 3319 1820 3366 cum
1861 3319 2077 3391 papa
2156 3295 2448 3366 Interea
2490 3318 2675 3369 suas

483 3417 622 3490 per
669 3401 909 3464 totum
962 3415 1281 3488 regnum
1340 3395 1799 3488 generaliter
1845 3395 2133 3466 litteras
2186 3419 2320 3491 pro
2374 3395 2668 3467 liber-ta

485 3493 680 3565 tibus
713 3493 1346 3590 monasteriorum
1377 3495 1873 3568 ecclesiarum
1905 3519 2419 3593 personarum
2432 3496 2668 3567 eccle-

485 3593 960 3667 siasticarum
1001 3604 1075 3666 et
1113 3619 1364 3667 rerum
1403 3595 1695 3668 illarum
1735 3595 1979 3691 dirigit
2019 3596 2089 3666 in
2129 3597 2274 3668 hac
2312 3597 2593 3668 forma:

1406 3696 1750 3789 Epistola.

632 3795 1053 3868 Fredericus
1101 3804 1225 3869 etc.
1281 3797 1685 3888 comitibus,
1754 3797 2180 3890 baronibus,
2248 3798 2669 3887 iustitiariis,

485 3898 908 3969 camerariis
970 3903 1038 3968 et
1091 3895 1348 3970 baiulis
1399 3897 1469 3966 in
1526 3920 1747 3990 re9no
1798 3896 2033 3967 Sicilie
2094 3898 2488 3968 constitutis
2544 3901 2669 3965 etc.

483 3995 839 4067 Fidelitati
875 4003 1101 4069 vestre
1132 4020 1263 4092 per
1290 3999 1722 4090 presentium
1759 3999 2027 4089 scripta
2058 3996 2489 4068 mandantes
2514 4019 2671 4088 pre-

481 4097 780 4188 cipimus
813 4100 1129 4188 timenter,
1184 4103 1262 4168 nt
1295 4094 1528 4166 nullus
1565 4101 1873 4168 vestrum
1928 4099 2405 4187 monasteriis,
2461 4095 2673 4166 eccle-

480 4197 627 4289 siis,
674 4199 1007 4290 personis
1046 4197 1540 4268 ecclesiasticis
1577 4203 1707 4268 aut
1742 4197 1951 4268 rebus
1989 4221 2234 4269 eorum
2274 4197 2531 4268 talleas
2574 4195 2680 4267 vel

483 4321 585 4404 39)
634 4341 688 4386 v.
739 4323 967 4402 Legum
1014 4321 1078 4383 T.
1127 4321 1198 4393 11,
1245 4319 1386 4384 273.
