3050 4900
561 467 702 539 148
956 460 1522 538 RYCCARDUS
1576 461 1699 535 DE
1754 461 1828 535 S.
1884 456 2344 535 GERMANO

550 662 888 759 discedit,
933 686 1169 760 seque
1223 662 1514 735 confert
1550 662 1625 733 in
1661 662 2129 735 Prenestino.
2226 661 2738 734 Monticellum

552 774 627 836 et
644 763 958 836 Pontem
979 764 1368 835 Lucanum
1396 773 1651 835 contra
1675 764 2055 835 Romanos
2087 760 2354 859 recipit
2381 761 2453 833 in
2484 760 2738 834 odium

548 887 764 962 pape.
825 865 936 936 Ad
974 887 1202 961 quem
1218 862 1276 909 ⁵⁹
1313 863 1722 962 imperator
1758 863 2035 936 milites
2078 873 2154 935 et
2190 861 2612 935 servientes
2645 866 2737 935 de

549 988 786 1061 regno
823 964 1066 1037 mittit.

696 1065 1076 1137 Mattheus
1115 1065 1407 1137 Russus
1457 1088 1596 1162 per
1632 1063 2079 1160 Gregorium
2121 1086 2393 1161 papam
2434 1073 2739 1135 senator

549 1162 906 1260 efficitur3
981 1164 1106 1263 qui
1161 1167 1358 1261 apud
1407 1166 1863 1261 Lagustam‚
1938 1188 2163 1261 quam
2213 1164 2589 1237 Iohannes
2643 1166 2737 1235 de

548 1266 965 1363 Columpna
988 1264 1422 1337 firmaverat
1446 1276 1519 1337 et
1548 1268 1850 1337 tenebat
1871 1287 2007 1361 per
2030 1288 2237 1362 suos,
2269 1263 2734 1337 obsidionem

546 1366 774 1462 ponit.

694 1468 957 1538 Mense
1011 1464 1329 1562 Augusti
1385 1464 1799 1561 imperator
1848 1463 2113 1562 recipit
2168 1463 2546 1536 civitatem
2597 1465 2732 1558 Ty-

544 1566 956 1663 burtinam.,
1024 1576 1100 1638 et
1151 1568 1417 1638 exinde
1476 1589 1742 1638 versus
1797 1567 2075 1638 Urbem
2129 1564 2366 1660 vadit3
2436 1576 2507 1637 et
2554 1575 2733 1636 tuno

543 1675 876 1740 castrum
926 1669 1296 1763 quoddam
1337 1668 1533 1763 quod
1574 1666 1838 1738 dicitur
1872 1667 2086 1737 Mons
2124 1666 2481 1761 Albanus,
2535 1668 2728 1762 quod

543 1777 702 1839 erat
756 1766 1012 1840 Sancti
1062 1766 1269 1839 Pauli
1333 1770 1424 1838 de
1475 1767 1711 1861 Urbe⁷
1783 1766 1855 1838 vi
1921 1766 2118 1863 cepit
2182 1776 2256 1837 et
2317 1766 2492 1862 igne
2558 1790 2729 1837 con-

541 1867 901 1963 sumpsit·
957 1875 1203 1939 castra
1246 1867 1472 1938 etiam
1510 1869 1835 1963 quedam
1868 1866 2251 1939 Farfensis
2292 1866 2727 1938 monasterii

538 1978 860 2080 occupat
913 1976 988 2039 et
1037 1967 1377 2039 divastat.
1466 1966 1801 2063 Burgum
1855 1991 2134 2039 novum
2190 1970 2573 2039 desertum
2622 1966 2728 2037 in-

540 2068 722 2139 colis
777 2067 952 2165 igne
1005 2077 1401 2140 crematur.
1488 2068 1908 2165 Imperator
1954 2067 2119 2164 ipse
2159 2070 2351 2165 apud
2394 2067 2723 2164 Criptam

537 2169 894 2240 ferratam
902 2167 1140 2267 ponit
1177 2178 1425 2240 castra
1465 2192 1629 2263 sua,
1684 2180 1757 2239 et
1799 2168 1873 2239 in
1916 2168 2407 2240 exteiioribus
2450 2169 2724 2240 Urbem

536 2268 896 2366 divastat,
977 2280 1050 2341 et
1122 2278 1297 2341 tunc
1360 2272 1451 2340 de
1516 2267 1879 2365 Gregorio
1946 2292 2141 2366 papa
2202 2271 2396 2366 quod
2462 2267 2725 2342 obierit

536 2371 771 2441 Rome
811 2372 929 2445 21.
965 2368 1310 2466 Augusti,
1364 2392 1498 2466 pro
1541 2378 1745 2441 certo
1785 2370 2101 2468 accepit,
2155 2370 2247 2440 de
2300 2368 2509 2441 cuius
2530 2367 2591 2414 ⁶⁰
2640 2368 2722 2439 li-

533 2471 781 2544 centia
833 2469 1251 2543 cardinales
1308 2493 1577 2542 omnes
1636 2469 1761 2567 qui
1814 2481 2025 2543 extra
2077 2471 2346 2544 Urbem
2401 2472 2721 2566 fuerant,

530 2597 664 2670 pro
705 2571 1073 2644 electione
1112 2595 1307 2668 pape
1344 2570 1689 2643 facienda
1726 2572 1819 2642 ad
1856 2571 2135 2644 Urbem
2172 2574 2510 2643 redeunt.

679 2673 963 2746 Eodem
1013 2695 1280 2743 mense
1322 2671 1643 2768 Augusti
1696 2671 1908 2744 iussu
1957 2671 2434 2770 imperatoris
2473 2680 2719 2744 vasta-

528 2784 735 2846 tores
791 2775 883 2846 de
937 2796 1173 2869 regno
1212 2783 1390 2870 aput
1425 2771 1756 2845 Insulam
1795 2772 2043 2871 pontis
2084 2771 2389 2845 solarati
2429 2784 2504 2844 et
2539 2782 2719 2870 aput

528 2874 890 2948 Sanctum
942 2874 1358 2946 Iohannem
1415 2876 1507 2946 de
1555 2873 1915 2969 lncarico,
1969 2883 2049 2945 ut
2084 2873 2364 2945 intrent
2400 2872 2718 2970 Campa-

525 2975 727 3047 niam
769 2985 1346 3072 congregantur.
1420 2974 1853 3048 Cardinales
1894 2973 2017 3071 qui
2055 2973 2128 3045 in
2158 2974 2353 3048 Urbe
2392 2977 2483 3045 ad
2520 2998 2717 3073 pape

529 3075 976 3147 electionem
1014 3085 1552 3170 convenerant,
1590 3098 1727 3172 per
1764 3084 2071 3147 senatoi
2076 3099 2199 3147 em
2230 3085 2304 3147 et
2328 3075 2713 3148 Romanos

523 3178 730 3289 apud
742 3174 1225 3273 Septisolium
1246 3173 1749 3272 includuntur,
1781 3185 1860 3247 ut
1886 3175 1978 3246 ad
2008 3178 2415 3249 creandum
2434 3200 2713 3275 papam

446 3343 452 3350 .
524 3274 733 3348 inviti
767 3279 1200 3373 procedant

670 3376 1050 3448 Mattheus
1089 3377 1385 3448 Russus
1423 3375 1641 3449 Urbis
1682 3386 1989 3448 senator
2021 3376 2434 3473 Lagustam
2470 3376 2541 3448 vi
2570 3378 2711 3450 Ro-

521 3498 922 3548 manorum
986 3475 1321 3574 optinuit.
1451 3476 1819 3550 Thesauri
1882 3500 2150 3549 omnes
2216 3477 2709 3550 ecclesiarum

520 3575 736 3673 regni
787 3600 831 3648 a
878 3587 1091 3675 porta
1128 3575 1386 3650 Roseti
1421 3601 1663 3673 usque
1702 3580 1791 3649 ad
1831 3574 2024 3649 fines
2063 3577 2277 3674 regni
2316 3576 2529 3651 iussu
2565 3579 2709 3650 An-

519 3679 747 3750 dreea
802 3680 892 3751 de
925 3677 1178 3750 Cicala
1219 3677 1590 3774 capitanei
1629 3687 1807 3775 aput
1844 3677 2203 3750 Sanctum
2244 3679 2710 3751 Germanum

518 3777 589 3848 in
632 3779 955 3852 ecclesia
993 3790 1254 3852 sancte
1283 3777 1516 3850 Marie
1547 3788 1747 3850 terre
1778 3777 2117 3851 eiusdem
2148 3789 2708 3876 congregantur

517 3888 593 3950 et
639 3890 1145 3977 reponuntur3
1199 3903 1518 3977 quorum
1570 3876 1905 3951 custodie
1944 3879 2277 3976 deputati
2316 3879 2708 3953 sunt'duo-

515 3979 760 4051 decim
810 3984 901 4054 de
960 3979 1341 4052 ditioribus
1398 3990 1481 4059 et,
1525 3977 1958 4051 melioribus
1996 3979 2425 4054 hominibus
2465 3979 2703 4079 ipsius

513 4089 735 4152 terre.
838 4082 930 4155 Et
975 4091 1151 4153 tunc
1205 4080 1456 4152 tabula
1506 4103 1736 4152 aurea
1788 4105 1933 4177 que
1988 4091 2163 4154 ante
2214 4081 2448 4153 altare
2505 4081 2704 4154 beati

514 4205 566 4273 a)
604 4203 759 4260 And?
797 4223 842 4259 c.

513 4297 612 4370 59)
661 4296 897 4357 scilicet
945 4295 1284 4394 lphannem
1334 4297 1412 4357 de
1460 4295 1829 4379 Columpna.
1999 4297 2102 4375 60)
2148 4298 2571 4378 imperatoris.
