<?xml version="1.0" encoding="UTF-8"?>
<!DOCTYPE html PUBLIC "-//W3C//DTD XHTML 1.0 Transitional//EN"
    "http://www.w3.org/TR/xhtml1/DTD/xhtml1-transitional.dtd">
<html xmlns="http://www.w3.org/1999/xhtml" xml:lang="en" lang="en">
 <head>
  <title>
</title>
<meta http-equiv="Content-Type" content="text/html;charset=utf-8" />
  <meta name='ocr-system' content='tesseract 3.04.00' />
  <meta name='ocr-capabilities' content='ocr_page ocr_carea ocr_par ocr_line ocrx_word'/>
</head>
<body>
  <div class='ocr_page' id='page_1' title='image "./ryccardidesanct01pertgoog_0104.png"; bbox 0 0 3050 4900; ppageno 0'>
   <div class='ocr_carea' id='block_1_1' title="bbox 315 1460 513 1532">
    <p class='ocr_par' dir='ltr' id='par_1_1' title="bbox 315 1460 513 1532">
     <span class='ocr_line' id='line_1_1' title="bbox 315 1460 513 1532; baseline 0 -17"><span class='ocrx_word' id='word_1_1' title='bbox 315 1462 443 1532; x_wconf 77' lang='lat' dir='ltr'>Apr.</span> <span class='ocrx_word' id='word_1_2' title='bbox 459 1460 513 1515; x_wconf 78' lang='lat'>4.</span> 
     </span>
    </p>
   </div>
   <div class='ocr_carea' id='block_1_2' title="bbox 536 439 2331 517">
    <p class='ocr_par' dir='ltr' id='par_1_2' title="bbox 536 439 2331 517">
     <span class='ocr_line' id='line_1_2' title="bbox 536 439 2331 517; baseline -0.003 0"><span class='ocrx_word' id='word_1_3' title='bbox 536 446 631 517; x_wconf 78' lang='lat'>92</span> <span class='ocrx_word' id='word_1_4' title='bbox 941 439 1506 513; x_wconf 88' lang='lat' dir='ltr'>RYCCARDUS</span> <span class='ocrx_word' id='word_1_5' title='bbox 1562 440 1685 513; x_wconf 81' lang='lat' dir='ltr'>DE</span> <span class='ocrx_word' id='word_1_6' title='bbox 1740 442 1811 515; x_wconf 87' lang='lat' dir='ltr'>S.</span> <span class='ocrx_word' id='word_1_7' title='bbox 1869 439 2331 513; x_wconf 80' lang='lat' dir='ltr'><strong>GERMANO</strong></span> 
     </span>
    </p>
   </div>
   <div class='ocr_carea' id='block_1_3' title="bbox 533 639 2823 3648">
    <p class='ocr_par' dir='ltr' id='par_1_3' title="bbox 533 639 2731 1419">
     <span class='ocr_line' id='line_1_3' title="bbox 535 639 2727 738; baseline 0 -25"><span class='ocrx_word' id='word_1_8' title='bbox 535 641 738 715; x_wconf 90' lang='lat' dir='ltr'>mani</span> <span class='ocrx_word' id='word_1_9' title='bbox 792 664 926 738; x_wconf 90' lang='lat' dir='ltr'>per</span> <span class='ocrx_word' id='word_1_10' title='bbox 973 664 1317 713; x_wconf 81' lang='lat' dir='ltr'><strong>cesarem</strong></span> <span class='ocrx_word' id='word_1_11' title='bbox 1373 640 1782 733; x_wconf 68' lang='lat' dir='ltr'>institutus,</span> <span class='ocrx_word' id='word_1_12' title='bbox 1840 650 1916 711; x_wconf 91' lang='lat' dir='ltr'>et</span> <span class='ocrx_word' id='word_1_13' title='bbox 1966 640 2255 712; x_wconf 79' lang='lat' dir='ltr'><strong>litteras</strong></span> <span class='ocrx_word' id='word_1_14' title='bbox 2296 639 2727 737; x_wconf 82' lang='lat' dir='ltr'>imperiales</span> 
     </span>
     <span class='ocr_line' id='line_1_4' title="bbox 535 740 2726 838; baseline -0.001 -23"><span class='ocrx_word' id='word_1_15' title='bbox 535 746 628 815; x_wconf 88' lang='lat' dir='ltr'>ad</span> <span class='ocrx_word' id='word_1_16' title='bbox 679 740 1026 814; x_wconf 88' lang='lat' dir='ltr'>homines</span> <span class='ocrx_word' id='word_1_17' title='bbox 1065 752 1264 813; x_wconf 90' lang='lat' dir='ltr'>terre</span> <span class='ocrx_word' id='word_1_18' title='bbox 1303 741 1541 838; x_wconf 90' lang='lat' dir='ltr'>ipsius</span> <span class='ocrx_word' id='word_1_19' title='bbox 1581 750 1657 811; x_wconf 92' lang='lat' dir='ltr'>et</span> <span class='ocrx_word' id='word_1_20' title='bbox 1694 743 1784 811; x_wconf 89' lang='lat' dir='ltr'>ad</span> <span class='ocrx_word' id='word_1_21' title='bbox 1823 740 2011 812; x_wconf 87' lang='lat' dir='ltr'>alios</span> <span class='ocrx_word' id='word_1_22' title='bbox 2066 763 2335 812; x_wconf 87' lang='lat' dir='ltr'>omnes</span> <span class='ocrx_word' id='word_1_23' title='bbox 2385 744 2477 812; x_wconf 91' lang='lat' dir='ltr'>de</span> <span class='ocrx_word' id='word_1_24' title='bbox 2527 744 2726 813; x_wconf 84' lang='lat' dir='ltr'>terra</span> 
     </span>
     <span class='ocr_line' id='line_1_5' title="bbox 536 841 2728 937; baseline 0 -23"><span class='ocrx_word' id='word_1_25' title='bbox 536 842 970 915; x_wconf 87' lang='lat' dir='ltr'>monasterii</span> <span class='ocrx_word' id='word_1_26' title='bbox 1001 842 1264 915; x_wconf 89' lang='lat' dir='ltr'>detulit</span> <span class='ocrx_word' id='word_1_27' title='bbox 1294 854 1366 913; x_wconf 85' lang='lat' dir='ltr'>et</span> <span class='ocrx_word' id='word_1_28' title='bbox 1397 844 1858 936; x_wconf 71' lang='lat' dir='ltr'>mandatum,</span> <span class='ocrx_word' id='word_1_29' title='bbox 1888 841 2237 937; x_wconf 83' lang='lat' dir='ltr'><strong>quatinus</strong></span> <span class='ocrx_word' id='word_1_30' title='bbox 2269 864 2501 937; x_wconf 87' lang='lat' dir='ltr'>super</span> <span class='ocrx_word' id='word_1_31' title='bbox 2529 842 2728 914; x_wconf 88' lang='lat' dir='ltr'>facto</span> 
     </span>
     <span class='ocr_line' id='line_1_6' title="bbox 535 940 2729 1017; baseline -0.002 0"><span class='ocrx_word' id='word_1_32' title='bbox 535 942 968 1017; x_wconf 88' lang='lat' dir='ltr'>munitionis</span> <span class='ocrx_word' id='word_1_33' title='bbox 1019 953 1220 1014; x_wconf 88' lang='lat' dir='ltr'>terre</span> <span class='ocrx_word' id='word_1_34' title='bbox 1271 942 1523 1015; x_wconf 83' lang='lat' dir='ltr'>Sancti</span> <span class='ocrx_word' id='word_1_35' title='bbox 1578 941 1933 1013; x_wconf 82' lang='lat' dir='ltr'>Germani</span> <span class='ocrx_word' id='word_1_36' title='bbox 1998 941 2135 1013; x_wconf 90' lang='lat' dir='ltr'>sibi</span> <span class='ocrx_word' id='word_1_37' title='bbox 2200 940 2590 1013; x_wconf 78' lang='lat' dir='ltr'>intendere</span> <span class='ocrx_word' id='word_1_38' title='bbox 2654 952 2729 1013; x_wconf 88' lang='lat' dir='ltr'>et</span> 
     </span>
     <span class='ocr_line' id='line_1_7' title="bbox 533 1041 2728 1141; baseline -0.001 -26"><span class='ocrx_word' id='word_1_39' title='bbox 533 1046 1002 1141; x_wconf 79' lang='lat' dir='ltr'>respondere</span> <span class='ocrx_word' id='word_1_40' title='bbox 1052 1046 1412 1115; x_wconf 87' lang='lat' dir='ltr'>deberent</span> <span class='ocrx_word' id='word_1_41' title='bbox 1468 1042 1537 1113; x_wconf 90' lang='lat' dir='ltr'>in</span> <span class='ocrx_word' id='word_1_42' title='bbox 1589 1041 1951 1113; x_wconf 80' lang='lat' dir='ltr'>faciendis</span> <span class='ocrx_word' id='word_1_43' title='bbox 2004 1041 2279 1129; x_wconf 86' lang='lat' dir='ltr'>muris.,</span> <span class='ocrx_word' id='word_1_44' title='bbox 2351 1043 2471 1113; x_wconf 89' lang='lat' dir='ltr'>ubi</span> <span class='ocrx_word' id='word_1_45' title='bbox 2536 1066 2728 1139; x_wconf 88' lang='lat' dir='ltr'>opus</span> 
     </span>
     <span class='ocr_line' id='line_1_8' title="bbox 535 1142 2728 1239; baseline -0.002 -22"><span class='ocrx_word' id='word_1_46' title='bbox 535 1155 746 1217; x_wconf 86' lang='lat' dir='ltr'>esset</span> <span class='ocrx_word' id='word_1_47' title='bbox 780 1144 1106 1216; x_wconf 86' lang='lat' dir='ltr'>turribus</span> <span class='ocrx_word' id='word_1_48' title='bbox 1148 1155 1221 1217; x_wconf 80' lang='lat' dir='ltr'>et</span> <span class='ocrx_word' id='word_1_49' title='bbox 1259 1142 1603 1237; x_wconf 78' lang='lat' dir='ltr'>fossatis3</span> <span class='ocrx_word' id='word_1_50' title='bbox 1644 1142 1980 1239; x_wconf 88' lang='lat' dir='ltr'>exceptis</span> <span class='ocrx_word' id='word_1_51' title='bbox 2014 1142 2443 1215; x_wconf 85' lang='lat' dir='ltr'>hominibus</span> <span class='ocrx_word' id='word_1_52' title='bbox 2474 1142 2728 1215; x_wconf 82' lang='lat' dir='ltr'>Sancti</span> 
     </span>
     <span class='ocr_line' id='line_1_9' title="bbox 533 1242 2731 1341; baseline -0.002 -24"><span class='ocrx_word' id='word_1_53' title='bbox 533 1245 801 1341; x_wconf 82' lang='lat' dir='ltr'>Angeli</span> <span class='ocrx_word' id='word_1_54' title='bbox 841 1244 1221 1339; x_wconf 68' lang='lat' dir='ltr'>Theodici7</span> <span class='ocrx_word' id='word_1_55' title='bbox 1277 1246 1472 1340; x_wconf 90' lang='lat' dir='ltr'>quod</span> <span class='ocrx_word' id='word_1_56' title='bbox 1532 1252 1863 1315; x_wconf 82' lang='lat' dir='ltr'>castrum</span> <span class='ocrx_word' id='word_1_57' title='bbox 1918 1242 2187 1315; x_wconf 79' lang='lat' dir='ltr'>muniri</span> <span class='ocrx_word' id='word_1_58' title='bbox 2242 1242 2558 1340; x_wconf 88' lang='lat' dir='ltr'>precipit</span> <span class='ocrx_word' id='word_1_59' title='bbox 2592 1242 2731 1313; x_wconf 89' lang='lat' dir='ltr'>im-</span> 
     </span>
     <span class='ocr_line' id='line_1_10' title="bbox 591 1355 866 1419; baseline -0.015 0"><span class='ocrx_word' id='word_1_60' title='bbox 591 1355 866 1419; x_wconf 81' lang='lat' dir='ltr'>erator.</span> 
     </span>
    </p>

    <p class='ocr_par' dir='ltr' id='par_1_4' title="bbox 534 1373 2731 1720">
     <span class='ocr_line' id='line_1_11' title="bbox 534 1373 2729 1542; baseline -0.002 -25"><span class='ocrx_word' id='word_1_61' title='bbox 534 1373 582 1444; x_wconf 77' lang='lat' dir='ltr'>p</span> <span class='ocrx_word' id='word_1_62' title='bbox 688 1426 1097 1541; x_wconf 74' lang='lat' dir='ltr'>Gregorius</span> <span class='ocrx_word' id='word_1_63' title='bbox 1153 1467 1348 1542; x_wconf 87' lang='lat' dir='ltr'>papa</span> <span class='ocrx_word' id='word_1_64' title='bbox 1403 1444 1476 1515; x_wconf 89' lang='lat' dir='ltr'>in</span> <span class='ocrx_word' id='word_1_65' title='bbox 1536 1442 1653 1515; x_wconf 90' lang='lat' dir='ltr'>die</span> <span class='ocrx_word' id='word_1_66' title='bbox 1708 1453 1968 1515; x_wconf 84' lang='lat' dir='ltr'>sancto</span> <span class='ocrx_word' id='word_1_67' title='bbox 2022 1442 2217 1516; x_wconf 82' lang='lat' dir='ltr'>Iovis</span> <span class='ocrx_word' id='word_1_68' title='bbox 2262 1441 2729 1537; x_wconf 81' lang='lat' dir='ltr'>Raynaldum</span> 
     </span>
     <span class='ocr_line' id='line_1_12' title="bbox 537 1543 2731 1643; baseline -0.002 -24"><span class='ocrx_word' id='word_1_69' title='bbox 537 1546 818 1619; x_wconf 90' lang='lat' dir='ltr'>dictum</span> <span class='ocrx_word' id='word_1_70' title='bbox 855 1548 1120 1618; x_wconf 87' lang='lat' dir='ltr'>ducem</span> <span class='ocrx_word' id='word_1_71' title='bbox 1162 1544 1446 1643; x_wconf 83' lang='lat' dir='ltr'>Spoleti</span> <span class='ocrx_word' id='word_1_72' title='bbox 1489 1544 2121 1638; x_wconf 68' lang='lat' dir='ltr'>excommunicat,</span> <span class='ocrx_word' id='word_1_73' title='bbox 2174 1552 2253 1615; x_wconf 90' lang='lat' dir='ltr'>ct</span> <span class='ocrx_word' id='word_1_74' title='bbox 2295 1543 2731 1616; x_wconf 83' lang='lat' dir='ltr'>Bertoldum</span> 
     </span>
     <span class='ocr_line' id='line_1_13' title="bbox 536 1648 1071 1720; baseline 0 -2"><span class='ocrx_word' id='word_1_75' title='bbox 536 1649 846 1720; x_wconf 88' lang='lat' dir='ltr'>fratrem</span> <span class='ocrx_word' id='word_1_76' title='bbox 887 1648 1071 1718; x_wconf 88' lang='lat' dir='ltr'>eius.</span> 
     </span>
    </p>

    <p class='ocr_par' dir='ltr' id='par_1_5' title="bbox 537 1742 2735 2648">
     <span class='ocr_line' id='line_1_14' title="bbox 686 1742 2731 1843; baseline -0.002 -23"><span class='ocrx_word' id='word_1_77' title='bbox 686 1746 1120 1843; x_wconf 80' lang='lat' dir='ltr'>Stephanus</span> <span class='ocrx_word' id='word_1_78' title='bbox 1174 1748 1267 1817; x_wconf 89' lang='lat' dir='ltr'>de</span> <span class='ocrx_word' id='word_1_79' title='bbox 1304 1746 1647 1841; x_wconf 81' lang='lat' dir='ltr'>Anglone</span> <span class='ocrx_word' id='word_1_80' title='bbox 1686 1754 1884 1815; x_wconf 90' lang='lat' dir='ltr'>terre</span> <span class='ocrx_word' id='word_1_81' title='bbox 1920 1743 2228 1817; x_wconf 86' lang='lat' dir='ltr'>Laboris</span> <span class='ocrx_word' id='word_1_82' title='bbox 2266 1742 2731 1839; x_wconf 66' lang='lat' dir='ltr'>iustitiariu57-</span> 
     </span>
     <span class='ocr_line' id='line_1_15' title="bbox 537 1842 2731 1960; baseline -0.002 -41"><span class='ocrx_word' id='word_1_83' title='bbox 537 1848 992 1960; x_wconf 87' lang='lat' dir='ltr'>imperatore</span> <span class='ocrx_word' id='word_1_84' title='bbox 1025 1848 1427 1918; x_wconf 85' lang='lat' dir='ltr'>mandante</span> <span class='ocrx_word' id='word_1_85' title='bbox 1459 1857 1857 1941; x_wconf 83' lang='lat' dir='ltr'>utramque</span> <span class='ocrx_word' id='word_1_86' title='bbox 1886 1844 2215 1916; x_wconf 87' lang='lat' dir='ltr'>Insulam</span> <span class='ocrx_word' id='word_1_87' title='bbox 2245 1842 2564 1915; x_wconf 85' lang='lat' dir='ltr'>filiorum</span> <span class='ocrx_word' id='word_1_88' title='bbox 2599 1845 2731 1917; x_wconf 88' lang='lat' dir='ltr'>Pe-</span> 
     </span>
     <span class='ocr_line' id='line_1_16' title="bbox 539 1944 2730 2042; baseline -0.002 -23"><span class='ocrx_word' id='word_1_89' title='bbox 539 1948 629 2019; x_wconf 92' lang='lat' dir='ltr'>tri</span> <span class='ocrx_word' id='word_1_90' title='bbox 685 1958 760 2019; x_wconf 89' lang='lat' dir='ltr'>et</span> <span class='ocrx_word' id='word_1_91' title='bbox 811 1946 1230 2019; x_wconf 86' lang='lat' dir='ltr'>Solaratam</span> <span class='ocrx_word' id='word_1_92' title='bbox 1288 1946 1821 2020; x_wconf 88' lang='lat' dir='ltr'>Castellucium</span> <span class='ocrx_word' id='word_1_93' title='bbox 1877 1955 1951 2017; x_wconf 91' lang='lat' dir='ltr'>et</span> <span class='ocrx_word' id='word_1_94' title='bbox 2003 1944 2383 2019; x_wconf 86' lang='lat' dir='ltr'>Pastinam</span> <span class='ocrx_word' id='word_1_95' title='bbox 2440 1944 2730 2042; x_wconf 74' lang='lat' dir='ltr'>recipit⁷</span> 
     </span>
     <span class='ocr_line' id='line_1_17' title="bbox 542 2046 2731 2145; baseline -0.001 -26"><span class='ocrx_word' id='word_1_96' title='bbox 542 2059 616 2119; x_wconf 90' lang='lat' dir='ltr'>et</span> <span class='ocrx_word' id='word_1_97' title='bbox 671 2046 1024 2119; x_wconf 73' lang='lat' dir='ltr'>custoditi</span> <span class='ocrx_word' id='word_1_98' title='bbox 1063 2047 1240 2119; x_wconf 85' lang='lat' dir='ltr'>facit</span> <span class='ocrx_word' id='word_1_99' title='bbox 1289 2050 1378 2118; x_wconf 90' lang='lat' dir='ltr'>ad</span> <span class='ocrx_word' id='word_1_100' title='bbox 1433 2072 1622 2145; x_wconf 89' lang='lat' dir='ltr'>opus</span> <span class='ocrx_word' id='word_1_101' title='bbox 1677 2046 2184 2144; x_wconf 70' lang='lat' dir='ltr'>imperatoris,</span> <span class='ocrx_word' id='word_1_102' title='bbox 2238 2046 2601 2119; x_wconf 89' lang='lat' dir='ltr'>Broccum</span> <span class='ocrx_word' id='word_1_103' title='bbox 2656 2055 2731 2117; x_wconf 90' lang='lat' dir='ltr'>et</span> 
     </span>
     <span class='ocr_line' id='line_1_18' title="bbox 541 2145 2731 2242; baseline -0.002 -21"><span class='ocrx_word' id='word_1_104' title='bbox 541 2148 887 2221; x_wconf 89' lang='lat' dir='ltr'>Pesclum</span> <span class='ocrx_word' id='word_1_105' title='bbox 937 2148 1328 2221; x_wconf 90' lang='lat' dir='ltr'>Soldulum</span> <span class='ocrx_word' id='word_1_106' title='bbox 1377 2148 1655 2220; x_wconf 84' lang='lat' dir='ltr'>destrui</span> <span class='ocrx_word' id='word_1_107' title='bbox 1719 2158 1794 2220; x_wconf 92' lang='lat' dir='ltr'>et</span> <span class='ocrx_word' id='word_1_108' title='bbox 1858 2147 2091 2217; x_wconf 89' lang='lat' dir='ltr'>everti</span> <span class='ocrx_word' id='word_1_109' title='bbox 2156 2146 2401 2242; x_wconf 75' lang='lat' dir='ltr'>fecit⁷¹</span> <span class='ocrx_word' id='word_1_110' title='bbox 2436 2145 2731 2217; x_wconf 89' lang='lat' dir='ltr'>illorum</span> 
     </span>
     <span class='ocr_line' id='line_1_19' title="bbox 543 2248 2735 2361; baseline -0.002 -40"><span class='ocrx_word' id='word_1_111' title='bbox 543 2273 825 2345; x_wconf 81' lang='lat' dir='ltr'>cogens</span> <span class='ocrx_word' id='word_1_112' title='bbox 864 2248 1149 2321; x_wconf 88' lang='lat' dir='ltr'>incolas</span> <span class='ocrx_word' id='word_1_113' title='bbox 1187 2251 1279 2320; x_wconf 90' lang='lat' dir='ltr'>ad</span> <span class='ocrx_word' id='word_1_114' title='bbox 1320 2249 1480 2320; x_wconf 89' lang='lat' dir='ltr'>loca</span> <span class='ocrx_word' id='word_1_115' title='bbox 1521 2248 1665 2321; x_wconf 86' lang='lat' dir='ltr'>alia</span> <span class='ocrx_word' id='word_1_116' title='bbox 1706 2248 2159 2361; x_wconf 70' lang='lat' dir='ltr'>demigrare,</span> <span class='ocrx_word' id='word_1_117' title='bbox 2212 2270 2469 2319; x_wconf 80' lang='lat' dir='ltr'>muros</span> <span class='ocrx_word' id='word_1_118' title='bbox 2522 2270 2735 2320; x_wconf 80' lang='lat' dir='ltr'>ever-</span> 
     </span>
     <span class='ocr_line' id='line_1_20' title="bbox 541 2346 2733 2444; baseline -0.002 -23"><span class='ocrx_word' id='word_1_119' title='bbox 541 2360 712 2421; x_wconf 88' lang='lat' dir='ltr'>tens</span> <span class='ocrx_word' id='word_1_120' title='bbox 751 2349 1078 2440; x_wconf 87' lang='lat' dir='ltr'>Pastine.</span> <span class='ocrx_word' id='word_1_121' title='bbox 1135 2373 1276 2421; x_wconf 88' lang='lat' dir='ltr'>nec</span> <span class='ocrx_word' id='word_1_122' title='bbox 1313 2374 1463 2421; x_wconf 85' lang='lat' dir='ltr'>non</span> <span class='ocrx_word' id='word_1_123' title='bbox 1501 2360 1748 2421; x_wconf 86' lang='lat' dir='ltr'>turres</span> <span class='ocrx_word' id='word_1_124' title='bbox 1788 2348 2023 2444; x_wconf 89' lang='lat' dir='ltr'>ipsius</span> <span class='ocrx_word' id='word_1_125' title='bbox 2064 2358 2138 2419; x_wconf 88' lang='lat' dir='ltr'>et</span> <span class='ocrx_word' id='word_1_126' title='bbox 2174 2372 2262 2443; x_wconf 88' lang='lat' dir='ltr'>pr</span> <span class='ocrx_word' id='word_1_127' title='bbox 2267 2346 2585 2419; x_wconf 88' lang='lat' dir='ltr'>edictam</span> <span class='ocrx_word' id='word_1_128' title='bbox 2621 2347 2733 2417; x_wconf 84' lang='lat' dir='ltr'>In·-</span> 
     </span>
     <span class='ocr_line' id='line_1_21' title="bbox 544 2449 2733 2566; baseline -0.002 -42"><span class='ocrx_word' id='word_1_129' title='bbox 544 2452 784 2524; x_wconf 87' lang='lat' dir='ltr'>sulam</span> <span class='ocrx_word' id='word_1_130' title='bbox 809 2449 1510 2548; x_wconf 65' lang='lat' dir='ltr'>similite17tamque</span> <span class='ocrx_word' id='word_1_131' title='bbox 1534 2451 1778 2547; x_wconf 86' lang='lat' dir='ltr'>ipsam</span> <span class='ocrx_word' id='word_1_132' title='bbox 1797 2449 2127 2523; x_wconf 85' lang='lat' dir='ltr'>Insulam</span> <span class='ocrx_word' id='word_1_133' title='bbox 2152 2472 2377 2566; x_wconf 83' lang='lat' dir='ltr'>quam</span> <span class='ocrx_word' id='word_1_134' title='bbox 2399 2458 2733 2521; x_wconf 87' lang='lat' dir='ltr'>castrum</span> 
     </span>
     <span class='ocr_line' id='line_1_22' title="bbox 547 2550 1531 2648; baseline -0.002 -24"><span class='ocrx_word' id='word_1_135' title='bbox 547 2550 903 2624; x_wconf 87' lang='lat' dir='ltr'>Pastine</span> <span class='ocrx_word' id='word_1_136' title='bbox 883 2575 1058 2648; x_wconf 75' lang='lat' dir='ltr'>igne</span> <span class='ocrx_word' id='word_1_137' title='bbox 1098 2551 1531 2624; x_wconf 87' lang='lat' dir='ltr'>combussit.</span> 
     </span>
    </p>

    <p class='ocr_par' dir='ltr' id='par_1_6' title="bbox 542 2648 2740 3224">
     <span class='ocr_line' id='line_1_23' title="bbox 694 2648 2733 2749; baseline -0.001 -27"><span class='ocrx_word' id='word_1_138' title='bbox 694 2652 856 2722; x_wconf 91' lang='lat' dir='ltr'>Dux</span> <span class='ocrx_word' id='word_1_139' title='bbox 894 2650 1190 2724; x_wconf 88' lang='lat' dir='ltr'>Austrie</span> <span class='ocrx_word' id='word_1_140' title='bbox 1226 2651 1687 2749; x_wconf 86' lang='lat' dir='ltr'>Lympuldus</span> <span class='ocrx_word' id='word_1_141' title='bbox 1728 2651 2032 2722; x_wconf 89' lang='lat' dir='ltr'>nomine</span> <span class='ocrx_word' id='word_1_142' title='bbox 2083 2674 2252 2721; x_wconf 88' lang='lat' dir='ltr'>cum</span> <span class='ocrx_word' id='word_1_143' title='bbox 2309 2648 2733 2746; x_wconf 78' lang='lat' dir='ltr'>patiiarcha</span> 
     </span>
     <span class='ocr_line' id='line_1_24' title="bbox 543 2750 2733 2849; baseline -0.001 -27"><span class='ocrx_word' id='word_1_144' title='bbox 543 2751 1029 2848; x_wconf 85' lang='lat' dir='ltr'>Aquilegensi</span> <span class='ocrx_word' id='word_1_145' title='bbox 1093 2761 1172 2824; x_wconf 87' lang='lat' dir='ltr'>et</span> <span class='ocrx_word' id='word_1_146' title='bbox 1229 2751 1394 2824; x_wconf 89' lang='lat' dir='ltr'>aliis</span> <span class='ocrx_word' id='word_1_147' title='bbox 1461 2751 1906 2849; x_wconf 84' lang='lat' dir='ltr'>supradictis</span> <span class='ocrx_word' id='word_1_148' title='bbox 1970 2755 2060 2823; x_wconf 89' lang='lat' dir='ltr'>ab</span> <span class='ocrx_word' id='word_1_149' title='bbox 2121 2750 2579 2848; x_wconf 79' lang='lat' dir='ltr'>impeiatore</span> <span class='ocrx_word' id='word_1_150' title='bbox 2640 2751 2733 2820; x_wconf 91' lang='lat' dir='ltr'>de</span> 
     </span>
     <span class='ocr_line' id='line_1_25' title="bbox 542 2851 2733 2952; baseline -0.002 -28"><span class='ocrx_word' id='word_1_151' title='bbox 542 2852 809 2949; x_wconf 89' lang='lat' dir='ltr'>Apulia</span> <span class='ocrx_word' id='word_1_152' title='bbox 863 2851 1198 2947; x_wconf 78' lang='lat' dir='ltr'>rediens⁷</span> <span class='ocrx_word' id='word_1_153' title='bbox 1255 2863 1330 2924; x_wconf 87' lang='lat' dir='ltr'>et</span> <span class='ocrx_word' id='word_1_154' title='bbox 1379 2857 1467 2924; x_wconf 89' lang='lat' dir='ltr'>ad</span> <span class='ocrx_word' id='word_1_155' title='bbox 1528 2877 1800 2952; x_wconf 88' lang='lat' dir='ltr'>papam</span> <span class='ocrx_word' id='word_1_156' title='bbox 1850 2853 2135 2924; x_wconf 89' lang='lat' dir='ltr'>vadens</span> <span class='ocrx_word' id='word_1_157' title='bbox 2191 2874 2363 2922; x_wconf 88' lang='lat' dir='ltr'>cum</span> <span class='ocrx_word' id='word_1_158' title='bbox 2420 2851 2568 2945; x_wconf 65' lang='lat' dir='ltr'>eis,</span> <span class='ocrx_word' id='word_1_159' title='bbox 2640 2851 2733 2921; x_wconf 90' lang='lat' dir='ltr'>ad</span> 
     </span>
     <span class='ocr_line' id='line_1_26' title="bbox 543 2949 2735 3026; baseline -0.002 -2"><span class='ocrx_word' id='word_1_160' title='bbox 543 2953 992 3025; x_wconf 88' lang='lat' dir='ltr'>Landulfum</span> <span class='ocrx_word' id='word_1_161' title='bbox 1022 2953 1515 3026; x_wconf 88' lang='lat' dir='ltr'>Casinensem</span> <span class='ocrx_word' id='word_1_162' title='bbox 1558 2957 1903 3026; x_wconf 89' lang='lat' dir='ltr'>abbatem</span> <span class='ocrx_word' id='word_1_163' title='bbox 1948 2963 2023 3023; x_wconf 89' lang='lat' dir='ltr'>et</span> <span class='ocrx_word' id='word_1_164' title='bbox 2054 2960 2506 3023; x_wconf 89' lang='lat' dir='ltr'>conventum</span> <span class='ocrx_word' id='word_1_165' title='bbox 2540 2949 2735 3022; x_wconf 90' lang='lat' dir='ltr'>eius-</span> 
     </span>
     <span class='ocr_line' id='line_1_27' title="bbox 547 3050 2740 3156; baseline -0.002 -32"><span class='ocrx_word' id='word_1_166' title='bbox 547 3056 716 3125; x_wconf 89' lang='lat' dir='ltr'>dem</span> <span class='ocrx_word' id='word_1_167' title='bbox 785 3076 875 3124; x_wconf 89' lang='lat' dir='ltr'>ex</span> <span class='ocrx_word' id='word_1_168' title='bbox 936 3064 1145 3150; x_wconf 89' lang='lat' dir='ltr'>parte</span> <span class='ocrx_word' id='word_1_169' title='bbox 1205 3053 1681 3156; x_wconf 86' lang='lat' dir='ltr'>imperatoris</span> <span class='ocrx_word' id='word_1_170' title='bbox 1752 3053 2040 3124; x_wconf 87' lang='lat' dir='ltr'>litteras</span> <span class='ocrx_word' id='word_1_171' title='bbox 2114 3050 2377 3124; x_wconf 86' lang='lat' dir='ltr'>detulit</span> <span class='ocrx_word' id='word_1_172' title='bbox 2444 3051 2517 3121; x_wconf 90' lang='lat' dir='ltr'>in</span> <span class='ocrx_word' id='word_1_173' title='bbox 2595 3051 2740 3122; x_wconf 88' lang='lat' dir='ltr'>hac</span> 
     </span>
     <span class='ocr_line' id='line_1_28' title="bbox 550 3153 826 3224; baseline 0.004 -1"><span class='ocrx_word' id='word_1_174' title='bbox 550 3153 826 3224; x_wconf 88' lang='lat' dir='ltr'>forma:</span> 
     </span>
    </p>

    <p class='ocr_par' dir='ltr' id='par_1_7' title="bbox 541 3252 2823 3648">
     <span class='ocr_line' id='line_1_29' title="bbox 593 3252 2738 3345; baseline -0.001 -21"><span class='ocrx_word' id='word_1_175' title='bbox 593 3293 596 3296; x_wconf 89' lang='lat'><strong>·</strong></span> <span class='ocrx_word' id='word_1_176' title='bbox 697 3253 1118 3326; x_wconf 84' lang='lat' dir='ltr'>Fredericus</span> <span class='ocrx_word' id='word_1_177' title='bbox 1155 3261 1279 3325; x_wconf 79' lang='lat' dir='ltr'>etc.</span> <span class='ocrx_word' id='word_1_178' title='bbox 1319 3253 1705 3326; x_wconf 79' lang='lat' dir='ltr'>venerabili</span> <span class='ocrx_word' id='word_1_179' title='bbox 1741 3252 1993 3324; x_wconf 82' lang='lat' dir='ltr'>abbati</span> <span class='ocrx_word' id='word_1_180' title='bbox 2029 3254 2419 3345; x_wconf 80' lang='lat' dir='ltr'>Casinensi,</span> <span class='ocrx_word' id='word_1_181' title='bbox 2474 3257 2544 3322; x_wconf 78' lang='lat' dir='ltr'>et</span> <span class='ocrx_word' id='word_1_182' title='bbox 2574 3274 2738 3322; x_wconf 85' lang='lat' dir='ltr'>con-</span> 
     </span>
     <span class='ocr_line' id='line_1_30' title="bbox 550 3351 2823 3448; baseline -0.003 -22"><span class='ocrx_word' id='word_1_183' title='bbox 550 3357 782 3426; x_wconf 79' lang='lat' dir='ltr'>ventui</span> <span class='ocrx_word' id='word_1_184' title='bbox 807 3355 1115 3426; x_wconf 81' lang='lat' dir='ltr'>eiusdem</span> <span class='ocrx_word' id='word_1_185' title='bbox 1145 3361 1270 3426; x_wconf 80' lang='lat' dir='ltr'>etc.</span> <span class='ocrx_word' id='word_1_186' title='bbox 1337 3355 1516 3426; x_wconf 85' lang='lat' dir='ltr'>Ecce</span> <span class='ocrx_word' id='word_1_187' title='bbox 1546 3352 1740 3448; x_wconf 81' lang='lat' dir='ltr'>quod</span> <span class='ocrx_word' id='word_1_188' title='bbox 1768 3352 1869 3425; x_wconf 87' lang='lat' dir='ltr'>ad</span> <span class='ocrx_word' id='word_1_189' title='bbox 1892 3352 2477 3447; x_wconf 72' lang='lat' dir='ltr'>supplicationem</span> <span class='ocrx_word' id='word_1_190' title='bbox 2509 3351 2741 3423; x_wconf 71' lang='lat' dir='ltr'>dilecti</span> <span class='ocrx_word' id='word_1_191' title='bbox 2813 3380 2823 3392; x_wconf 62' lang='lat'><em>’</em></span> 
     </span>
     <span class='ocr_line' id='line_1_31' title="bbox 541 3451 2740 3546; baseline -0.001 -22"><span class='ocrx_word' id='word_1_192' title='bbox 541 3455 886 3546; x_wconf 80' lang='lat' dir='ltr'>principis</span> <span class='ocrx_word' id='word_1_193' title='bbox 940 3458 1169 3526; x_wconf 80' lang='lat' dir='ltr'>nostri</span> <span class='ocrx_word' id='word_1_194' title='bbox 1217 3455 1418 3526; x_wconf 81' lang='lat' dir='ltr'>ducis</span> <span class='ocrx_word' id='word_1_195' title='bbox 1452 3451 1733 3525; x_wconf 77' lang='lat' dir='ltr'>Austrie</span> <span class='ocrx_word' id='word_1_196' title='bbox 1786 3460 1853 3525; x_wconf 86' lang='lat' dir='ltr'>et</span> <span class='ocrx_word' id='word_1_197' title='bbox 1887 3453 2120 3545; x_wconf 78' lang='lat' dir='ltr'>Stirie,</span> <span class='ocrx_word' id='word_1_198' title='bbox 2178 3477 2269 3525; x_wconf 88' lang='lat' dir='ltr'>ac</span> <span class='ocrx_word' id='word_1_199' title='bbox 2316 3451 2740 3524; x_wconf 84' lang='lat' dir='ltr'>venerabilis</span> 
     </span>
     <span class='ocr_line' id='line_1_32' title="bbox 552 3552 2739 3648; baseline -0.001 -24"><span class='ocrx_word' id='word_1_200' title='bbox 552 3555 880 3648; x_wconf 63' lang='lat' dir='ltr'>mayistii</span> <span class='ocrx_word' id='word_1_201' title='bbox 909 3555 1164 3626; x_wconf 84' lang='lat' dir='ltr'>domus</span> <span class='ocrx_word' id='word_1_202' title='bbox 1190 3553 1759 3625; x_wconf 81' lang='lat' dir='ltr'>Alamannorum</span> <span class='ocrx_word' id='word_1_203' title='bbox 1800 3552 2033 3626; x_wconf 81' lang='lat' dir='ltr'>devoti</span> <span class='ocrx_word' id='word_1_204' title='bbox 2060 3554 2307 3644; x_wconf 79' lang='lat' dir='ltr'>nostri,</span> <span class='ocrx_word' id='word_1_205' title='bbox 2348 3555 2739 3646; x_wconf 82' lang='lat' dir='ltr'>recepimus</span> 
     </span>
    </p>
   </div>
   <div class='ocr_carea' id='block_1_4' title="bbox 466 3645 2736 3748">
    <p class='ocr_par' dir='ltr' id='par_1_8' title="bbox 466 3645 2736 3748">
     <span class='ocr_line' id='line_1_33' title="bbox 466 3645 2736 3748; baseline -0.001 -24"><span class='ocrx_word' id='word_1_206' title='bbox 466 3695 472 3706; x_wconf 52' lang='grc' dir='ltr'><em>ι</em></span> <span class='ocrx_word' id='word_1_207' title='bbox 551 3677 676 3724; x_wconf 88' lang='lat' dir='ltr'>vos</span> <span class='ocrx_word' id='word_1_208' title='bbox 705 3654 790 3725; x_wconf 85' lang='lat' dir='ltr'>de</span> <span class='ocrx_word' id='word_1_209' title='bbox 816 3654 1316 3746; x_wconf 74' lang='lat' dir='ltr'>habundantia</span> <span class='ocrx_word' id='word_1_210' title='bbox 1341 3655 1626 3747; x_wconf 79' lang='lat' dir='ltr'>pietatis</span> <span class='ocrx_word' id='word_1_211' title='bbox 1654 3645 1945 3725; x_wconf 69' lang='grc' dir='ltr'><em>ηοεένε</em></span> <span class='ocrx_word' id='word_1_212' title='bbox 1922 3679 1992 3724; x_wconf 79' lang='grc' dir='ltr'>ιη</span> <span class='ocrx_word' id='word_1_213' title='bbox 2019 3655 2338 3748; x_wconf 70' lang='lat' dir='ltr'>qratiam</span> <span class='ocrx_word' id='word_1_214' title='bbox 2378 3655 2736 3746; x_wconf 74' lang='lat' dir='ltr'>mayesta-</span> 
     </span>
    </p>
   </div>
   <div class='ocr_carea' id='block_1_5' title="bbox 547 3755 2748 4348">
    <p class='ocr_par' dir='ltr' id='par_1_9' title="bbox 547 3755 2748 4348">
     <span class='ocr_line' id='line_1_34' title="bbox 551 3755 2740 3850; baseline -0 -27"><span class='ocrx_word' id='word_1_215' title='bbox 551 3756 640 3824; x_wconf 77' lang='lat' dir='ltr'>iis</span> <span class='ocrx_word' id='word_1_216' title='bbox 676 3761 939 3846; x_wconf 64' lang='lat' dir='ltr'>nosne,</span> <span class='ocrx_word' id='word_1_217' title='bbox 993 3779 1270 3825; x_wconf 84' lang='lat' dir='ltr'>omnem</span> <span class='ocrx_word' id='word_1_218' title='bbox 1318 3755 1672 3842; x_wconf 78' lang='lat' dir='ltr'>offensam</span> <span class='ocrx_word' id='word_1_219' title='bbox 1710 3777 1924 3850; x_wconf 82' lang='lat' dir='ltr'>quam</span> <span class='ocrx_word' id='word_1_220' title='bbox 1964 3760 2219 3825; x_wconf 86' lang='lat' dir='ltr'>contra</span> <span class='ocrx_word' id='word_1_221' title='bbox 2257 3759 2585 3824; x_wconf 83' lang='lat' dir='ltr'>nostram</span> <span class='ocrx_word' id='word_1_222' title='bbox 2624 3774 2740 3822; x_wconf 72' lang='lat' dir='ltr'>ex-</span> 
     </span>
     <span class='ocr_line' id='line_1_35' title="bbox 551 3853 2741 3947; baseline -0.002 -21"><span class='ocrx_word' id='word_1_223' title='bbox 551 3853 943 3926; x_wconf 79' lang='lat' dir='ltr'>cellentiam</span> <span class='ocrx_word' id='word_1_224' title='bbox 978 3878 1114 3946; x_wconf 69' lang='lat' dir='ltr'>pto</span> <span class='ocrx_word' id='word_1_225' title='bbox 1147 3857 1458 3947; x_wconf 76' lang='lat' dir='ltr'>presenti</span> <span class='ocrx_word' id='word_1_226' title='bbox 1494 3853 1859 3926; x_wconf 79' lang='lat' dir='ltr'>discordia</span> <span class='ocrx_word' id='word_1_227' title='bbox 1896 3856 2077 3925; x_wconf 82' lang='lat' dir='ltr'>inter</span> <span class='ocrx_word' id='word_1_228' title='bbox 2124 3877 2258 3924; x_wconf 85' lang='lat' dir='ltr'>nos</span> <span class='ocrx_word' id='word_1_229' title='bbox 2295 3860 2363 3924; x_wconf 83' lang='lat' dir='ltr'>et</span> <span class='ocrx_word' id='word_1_230' title='bbox 2398 3853 2741 3924; x_wconf 81' lang='lat' dir='ltr'>domnum</span> 
     </span>
     <span class='ocr_line' id='line_1_36' title="bbox 547 3951 2744 4048; baseline -0.001 -24"><span class='ocrx_word' id='word_1_231' title='bbox 547 3977 819 4046; x_wconf 76' lang='lat' dir='ltr'>papam</span> <span class='ocrx_word' id='word_1_232' title='bbox 857 3953 1107 4024; x_wconf 72' lang='lat' dir='ltr'>habita</span> <span class='ocrx_word' id='word_1_233' title='bbox 1147 3977 1196 4025; x_wconf 88' lang='lat' dir='ltr'>a</span> <span class='ocrx_word' id='word_1_234' title='bbox 1227 3956 1577 4047; x_wconf 80' lang='lat' dir='ltr'>principio</span> <span class='ocrx_word' id='word_1_235' title='bbox 1615 3955 2063 4026; x_wconf 79' lang='lat' dir='ltr'>dissentionis</span> <span class='ocrx_word' id='word_1_236' title='bbox 2099 3976 2318 4048; x_wconf 79' lang='lat' dir='ltr'>nsque</span> <span class='ocrx_word' id='word_1_237' title='bbox 2358 3955 2431 4024; x_wconf 87' lang='lat' dir='ltr'>in</span> <span class='ocrx_word' id='word_1_238' title='bbox 2466 3951 2744 4025; x_wconf 81' lang='lat' dir='ltr'>hodier-</span> 
     </span>
     <span class='ocr_line' id='line_1_37' title="bbox 552 4051 2744 4147; baseline -0.001 -23"><span class='ocrx_word' id='word_1_239' title='bbox 552 4077 718 4124; x_wconf 85' lang='lat' dir='ltr'>num</span> <span class='ocrx_word' id='word_1_240' title='bbox 776 4053 956 4126; x_wconf 86' lang='lat' dir='ltr'>diem</span> <span class='ocrx_word' id='word_1_241' title='bbox 1006 4052 1348 4125; x_wconf 79' lang='lat' dir='ltr'>decimum</span> <span class='ocrx_word' id='word_1_242' title='bbox 1406 4059 1740 4125; x_wconf 79' lang='lat' dir='ltr'>octavum.</span> <span class='ocrx_word' id='word_1_243' title='bbox 1791 4051 2053 4147; x_wconf 79' lang='lat' dir='ltr'>Aprilis</span> <span class='ocrx_word' id='word_1_244' title='bbox 2106 4056 2316 4124; x_wconf 78' lang='lat' dir='ltr'>tertia</span> <span class='ocrx_word' id='word_1_245' title='bbox 2366 4053 2744 4124; x_wconf 79' lang='lat' dir='ltr'>indictione</span> 
     </span>
     <span class='ocr_line' id='line_1_38' title="bbox 557 4153 2745 4248; baseline -0.001 -24"><span class='ocrx_word' id='word_1_246' title='bbox 557 4155 686 4224; x_wconf 85' lang='lat' dir='ltr'>visi</span> <span class='ocrx_word' id='word_1_247' title='bbox 721 4157 884 4225; x_wconf 78' lang='lat' dir='ltr'>estis</span> <span class='ocrx_word' id='word_1_248' title='bbox 924 4157 1378 4244; x_wconf 74' lang='lat' dir='ltr'>commisisse,</span> <span class='ocrx_word' id='word_1_249' title='bbox 1417 4156 1699 4245; x_wconf 77' lang='lat' dir='ltr'>penitus</span> <span class='ocrx_word' id='word_1_250' title='bbox 1736 4153 2221 4248; x_wconf 82' lang='lat' dir='ltr'>relinquentes.</span> <span class='ocrx_word' id='word_1_251' title='bbox 2298 4155 2617 4224; x_wconf 80' lang='lat' dir='ltr'>Ceterum</span> <span class='ocrx_word' id='word_1_252' title='bbox 2656 4175 2745 4222; x_wconf 81' lang='lat' dir='ltr'>ca</span> 
     </span>
     <span class='ocr_line' id='line_1_39' title="bbox 555 4252 2748 4348; baseline 0 -26"><span class='ocrx_word' id='word_1_253' title='bbox 555 4277 684 4348; x_wconf 83' lang='lat' dir='ltr'>que</span> <span class='ocrx_word' id='word_1_254' title='bbox 737 4254 932 4324; x_wconf 83' lang='lat' dir='ltr'>vobis</span> <span class='ocrx_word' id='word_1_255' title='bbox 972 4255 1339 4346; x_wconf 75' lang='lat' dir='ltr'>predictus</span> <span class='ocrx_word' id='word_1_256' title='bbox 1394 4252 1540 4325; x_wconf 75' lang='lat' dir='ltr'>dux</span> <span class='ocrx_word' id='word_1_257' title='bbox 1577 4260 1641 4322; x_wconf 77' lang='lat' dir='ltr'>et</span> <span class='ocrx_word' id='word_1_258' title='bbox 1678 4256 2021 4348; x_wconf 73' lang='lat' dir='ltr'>mayister</span> <span class='ocrx_word' id='word_1_259' title='bbox 2065 4254 2601 4325; x_wconf 69' lang='lat' dir='ltr'>Teutonicorum</span> <span class='ocrx_word' id='word_1_260' title='bbox 2643 4275 2748 4323; x_wconf 87' lang='lat' dir='ltr'>re-</span> 
     </span>
    </p>
   </div>
   <div class='ocr_carea' id='block_1_6' title="bbox 3044 3799 3047 4871">
    <p class='ocr_par' dir='ltr' id='par_1_10' title="bbox 3044 3799 3047 4871">
     <span class='ocr_line' id='line_1_40' title="bbox 3044 3799 3047 4871; baseline 0 0"><span class='ocrx_word' id='word_1_261' title='bbox 3044 3799 3047 4871; x_wconf 95' lang='lat' dir='ltr'> </span> 
     </span>
    </p>
   </div>
  </div>
 </body>
</html>
