3050 4900
1081 457 1162 528 A.
1225 459 1436 530 1221.
1501 458 1711 529 1222.
2444 456 2538 526 49

659 657 766 730 De
797 664 861 728 te
897 660 1092 743 fame
1129 667 1348 730 sonus
1385 658 1695 727 exierat:

755 757 1107 830 Damiata
1143 780 1285 828 non
1322 761 1428 828 est
1463 779 1595 850 que
1630 758 1913 846 fuerat,-

761 859 846 930 In
883 865 946 929 te
983 856 1240 930 Christi
1273 857 1449 944 fides
1483 859 1853 946 floruerat,

765 959 994 1048 Quam
1033 957 1284 1030 ancille
1319 980 1504 1029 nunc
1542 958 1759 1050 stirps
1794 955 2199 1028 dedecorat.

662 1057 1143 1153 Hysmahelite
1180 1065 1244 1129 te
1281 1056 1678 1150 detitulant,

761 1159 952 1232 Aras
988 1165 1326 1246 evertunt,
1382 1157 1646 1251 templa
1686 1157 1995 1250 violant,-

770 1259 978 1348 Ouod
1011 1261 1134 1330 tibi
1169 1265 1274 1330 tot
1302 1281 1533 1351 penas
1572 1257 2051 1349 accumulant,

765 1361 1075 1434 Peccata
1113 1365 1366 1432 nostra
1405 1365 1573 1430 sunt
1605 1382 1737 1454 que
1768 1357 2145 1452 pullulant.

675 1461 802 1534 Ubi
837 1483 1024 1532 nunc
1062 1460 1276 1532 decus
1312 1466 1416 1531 est
1452 1458 1759 1550 ecclesie,

768 1561 1164 1635 Christiane
1195 1562 1327 1645 tlos
1365 1566 1434 1630 et
1465 1558 1750 1630 militie?

765 1663 1100 1756 Leyatus,
1155 1683 1305 1754 rex,
1359 1666 1430 1732 et
1461 1658 1609 1732 dux
1642 1659 1981 1732 Bawarie

780 1763 950 1834 Victi
983 1761 1243 1834 cedunt
1277 1762 1446 1834 viris
1477 1759 1791 1853 perfidie.

675 1863 735 1936 Ο
770 1886 986 1958 quam
1019 1885 1255 1956 pravo
1295 1861 1488 1934 ducti
1523 1860 1817 1934 consilio

769 1963 1118 2036 Exierunt
1152 1962 1366 2034 duces
1401 1963 1474 2032 in
1505 1961 1777 2055 prelio!

775 2063 1152 2155 Damiata,
1189 2067 1262 2132 tu
1301 2061 1440 2134 clas
1477 2061 1709 2153 emilia,

784 2164 974 2250 Quos
1009 2163 1250 2247 fovisti
1283 2163 1432 2246 fere
1469 2161 1768 2232 biennio.

678 2262 1064 2336 Maledicta
1100 2263 1421 2346 fatorum
1459 2263 1701 2354 series,

784 2364 941 2454 Qua
977 2366 1052 2452 fit
1089 2364 1272 2434 tanti
1307 2361 1481 2434 mali
1515 2364 1901 2456 conyeries.

781 2466 1086 2537 Cunctos
1121 2466 1356 2559 tanyit
1385 2466 1526 2535 ista
1566 2464 1901 2555 miseries,

781 2566 1062 2638 Cunctis
1100 2565 1321 2637 datur
1351 2563 1565 2649 flendi
1599 2566 1953 2637 materies.

681 2664 992 2739 Mundus
1027 2671 1217 2737 totus
1252 2671 1320 2736 et
1353 2664 1601 2737 numdi
1632 2667 1987 2759 principes

783 2764 968 2837 Sunt
1001 2765 1272 2837 doloris
1307 2764 1512 2837 huius
1544 2767 1931 2859 participes
1942 2792 1970 2856 ,-

791 2866 1014 2938 Tuam
1051 2889 1222 2961 erqo
1261 2888 1565 2954 causam
1602 2871 1684 2938 ut
1716 2864 2045 2956 vindiceS,

795 2966 882 3037 Te
918 2990 1073 3059 nos,
1133 2964 1422 3057 Christe,
1473 2988 1861 3059 precamur
1896 2965 2263 3060 supplices.

537 3068 794 3165 Igitur,
823 3068 1017 3164 quod
1050 3065 1298 3139 dicere
1331 3090 1624 3161 nequeo
1654 3090 1803 3137 non
1834 3064 2178 3163 dolende,
2206 3089 2342 3164 per
2372 3090 2571 3139 com-

387 3166 836 3268 positionem
891 3167 1175 3240 reddita
1230 3166 1573 3240 Damiata
1632 3166 1987 3261 soldan0,
2052 3166 2343 3241 liberati
2398 3177 2575 3240 sunt

386 3269 760 3366 utrimque
801 3268 1100 3366 captivi,
1153 3278 1230 3339 et
1265 3267 1649 3340 christiani
1689 3267 2093 3365 principes,
2146 3268 2270 3366 qui
2316 3278 2571 3341 contra

389 3371 782 3444 soldanum
819 3368 1242 3442 inconsulte
1278 3378 1839 3466 processerant,
1888 3369 2202 3441 liberati.

535 3472 800 3543 Mense
841 3469 1306 3569 Septembris
1359 3470 1432 3541 in
1482 3470 1681 3543 festo
1722 3469 2126 3543 nativitatis
2166 3474 2385 3553 beate
2424 3468 2578 3540 Vir-

391 3570 588 3668 ginis
625 3572 864 3644 tareni
905 3571 1076 3644 novi
1115 3572 1482 3643 cuduntur
1518 3568 2012 3645 Amalfitani·.

1367 3732 1615 3819 1222.

547 3868 917 3941 Honorius
985 3892 1176 3966 papa
1235 3892 1502 3941 mense
1556 3868 1935 3941 Februarii
1988 3870 2265 3941 Urbem
2320 3865 2579 3938 exiens

397 3970 604 4042 venit
639 3968 1088 4066 Anagniam,
1144 3972 1234 4041 ad
1289 3994 1510 4066 quem
1562 3968 1977 4066 imperator
2013 3979 2321 4041 vocatus
2359 3966 2583 4061 vadit,

401 4081 473 4143 et
495 4074 689 4169 apud
711 4070 1024 4143 Verulas
1050 4094 1218 4141 cum
1239 4070 1402 4167 ipso
1425 4095 1618 4168 papa
1642 4070 2129 4167 conveniens,
2156 4093 2293 4167 per
2311 4067 2469 4143 dies
2494 4072 2583 4143 15

401 4173 820 4270 sollempne
875 4170 1176 4243 insimul
1231 4171 1679 4267 colloquium
1738 4172 2107 4267 habuere,
2164 4180 2583 4245 statuentes

399 4307 448 4377 a)
490 4298 678 4361 Amal?
709 4326 753 4362 c.
