3050 4900
523 441 622 508 40
795 431 800 436 ’
927 435 1490 510 RYCCARDUS
1547 435 1670 508 DE
1725 437 1795 508 S.
1853 435 2314 508 GERMANO

524 649 640 710 est
679 661 1061 734 egressus.
1116 637 1319 710 Sedit
1359 647 1611 708 autem
1656 660 1892 732 usque
1926 635 2139 708 tertio
2173 636 2335 732 ipse
2367 635 2711 706 dominus

527 762 717 837 papa
771 763 810 810 a
866 740 1061 810 festo
1114 738 1310 810 beati
1360 737 1655 808 Martini
1712 761 1947 832 usque
2000 741 2088 809 ad
2143 737 2421 808 festum
2476 735 2715 808 sancti

522 842 845 932 Andree‚
902 848 975 910 et
1011 849 1187 911 tunc
1227 838 1674 910 electionem
1715 837 1990 910 factam
2030 862 2166 936 per
2200 837 2581 936 principes
2624 840 2714 909 de

525 964 706 1036 rege
735 940 1126 1012 Frederico
1157 939 1230 1011 in
1260 939 1795 1036 imperatorem
1830 938 2251 1010 Romanum
2286 943 2713 1036 approbans

526 1039 1019 1136 confirmavit,
1077 1050 1151 1112 et
1207 1049 1468 1112 sancta
1525 1041 1855 1133 synodus
1892 1041 1991 1111 70
2031 1039 2351 1137 capitula
2390 1039 2717 1136 promul-

524 1141 764 1238 gavit:
821 1141 1255 1239 dampnavit
1305 1140 1572 1212 librum
1612 1139 1943 1212 loachim
1980 1141 2033 1212 F
2036 1140 2359 1212 lorensis
2398 1139 2715 1232 abbam,

527 1266 751 1340 quem
787 1253 1042 1314 contra
1068 1241 1514 1338 magistrum
1539 1241 1835 1312 Petrum
1857 1241 2359 1314 Lombardum
2384 1241 2716 1313 ediderat

522 1347 614 1416 de
655 1342 936 1415 unitate
977 1344 1095 1415 vel
1135 1343 1467 1416 essentia
1508 1341 1909 1414 Trinitatis.

1495 1577 1743 1667 1216.

671 1739 1103 1836 Stephanus
1143 1739 1578 1814 Casinensis
1620 1740 1877 1832 abbas,
1932 1739 2125 1809 facta
2168 1735 2713 1834 compositione

523 1839 1068 1935 cumMiraddO,
1098 1840 1359 1938 recipit
1379 1838 1995 1911 lmoccamBantre
2050 1839 2460 1911 Adenolfus
2482 1861 2713 1950 quon-

522 1943 692 2012 dam
754 1944 984 2014 abbas
1036 1965 1075 2012 a
1135 1965 1326 2038 papa
1385 1939 1812 2034 dimittitur,
1870 1939 1984 2011 cui
2042 1944 2131 2011 ab
2183 1940 2347 2036 ipso
2388 1962 2521 2036 pro
2562 1937 2711 2009 vita

524 2040 954 2113 conceditur
991 2042 1312 2114 ecclesia
1353 2041 1595 2114 sancti
1632 2039 2071 2113 Benedicti
2054 2065 2128 2112 ιη
2169 2043 2450 2138 Capua7
2506 2049 2579 2110 et
2616 2041 2709 2110 de

521 2141 762 2238 gratia
820 2142 1141 2214 ecclesia
1196 2143 1435 2214 sancti
1471 2141 1738 2238 Angeli
1795 2141 1868 2212 in
1916 2141 2202 2214 Formis
2260 2140 2549 2214 additur
2585 2139 2708 2213 illi

521 2244 680 2314 Hoc
734 2267 928 2314 anno
975 2243 1212 2316 dictus
1253 2244 1684 2340 Stephanus
1726 2241 2162 2315 Casinensis
2202 2246 2431 2314 abbas
2472 2241 2709 2311 Rome

522 2352 703 2441 aput
738 2343 1248 2416 Lateranum
1231 2369 1305 2415 ln
1345 2347 1819 2416 sacerdotem
1861 2367 1994 2440 per
2033 2367 2303 2415 manus
2334 2340 2709 2416 Ostiensis
2782 2403 2786 2407 .

520 2444 855 2542 episcopi
897 2456 1402 2542 promovetur.
1510 2445 1944 2543 Dyopuldus
1984 2448 2074 2517 de
2113 2449 2382 2519 ducatu
2424 2441 2707 2540 Spoleti

520 2547 592 2617 in
652 2568 970 2641 regnum
1024 2547 1316 2618 occulte
1367 2546 1707 2637 rediens
1782 2570 2011 2643 super
2072 2546 2371 2618 asinum
2432 2546 2709 2616 sedens

519 2646 882 2743 proditus,
939 2657 1012 2718 et
1065 2647 1410 2743 cognitus
1463 2650 1657 2744 apud
1698 2648 2064 2741 Tyberam
2124 2656 2387 2743 captus
2442 2655 2582 2738 est,
2638 2654 2712 2715 et

521 2746 849 2819 senatori
888 2746 1104 2820 Urbis
1144 2747 1217 2819 in
1256 2748 1675 2821 custodiam
1726 2749 2067 2842 traditus,
2122 2760 2194 2820 et
2247 2749 2553 2819 tandem
2604 2744 2709 2815 in-

517 2857 864 2919 terventu
919 2848 1238 2945 pecunie
1292 2849 1673 2921 liberatus.
1778 2849 2146 2921 Hemicus
2201 2847 2404 2943 legis
2442 2846 2707 2917 Frede-

520 2948 648 3020 1ici
697 2948 892 3021 filius
947 2960 1254 3021 vocatus
1309 2975 1350 3022 a
1401 2961 1655 3046 patre
1713 2960 1786 3021 et
1839 2948 2183 3021 Gaietam
2242 2972 2283 3019 a
2336 2948 2709 3019 Panormo

519 3048 818 3143 navigio
858 3049 1203 3144 veniens,
1239 3051 1312 3121 in
1351 3050 1877 3123 Alamanniam
1916 3049 2135 3122 vadit.
2222 3050 2485 3120 Mense
2523 3044 2706 3119 Iunii

518 3148 1001 3221 Innocentius
1038 3174 1230 3247 papa
1271 3152 1547 3224 Urbem
1590 3151 1848 3222 exiens
1890 3150 2281 3223 Perusium
2323 3149 2547 3227 vadit..
2586 3148 2706 3220 ubi

518 3272 786 3321 mense
823 3249 983 3321 Iulii
1029 3254 1138 3323 17.
1171 3250 1328 3322 Kal.
1359 3252 1675 3365 Augusti
1713 3252 2078 3347 languore
2118 3260 2509 3363 correptus
2550 3249 2705 3320 feli-

515 3349 701 3521 {litei
737 3350 1118 3448 expiravit.
1185 3352 1411 3426 Cuius
1453 3352 1734 3425 obitum
1773 3353 2072 3450 quidam
2108 3350 2417 3424 metrice
2448 3352 2555 3422 sic
2581 3352 2704 3421 de-

573 3450 756 3523 evit:

513 3551 676 3623 Nox
715 3552 997 3645 accede,
1053 3556 1221 3647 quia
1259 3556 1470 3625 cessit
1502 3553 1633 3647 sol,
1688 3553 1934 3647 luyeat
1969 3554 2069 3624 01
2070 3555 2198 3645 bas,

621 3652 698 3723 In
736 3652 968 3724 medio
1006 3652 1180 3727 lucis
1217 3654 1450 3725 lumen
1488 3656 1719 3725 obisse
1753 3676 1981 3725 suum.

513 3753 779 3824 Lumen
818 3754 963 3825 obit
996 3753 1265 3846 mundi,
1321 3757 1487 3848 quia
1529 3754 1830 3825 decessit
1853 3759 2069 3847 pater
2103 3754 2317 3825 Inno-

611 3856 915 3942 centius5
967 3856 1095 3926 iste
1123 3860 1340 3948 pater
1383 3854 1591 3927 Urbis
1628 3860 1696 3924 et
1733 3854 1941 3925 Orbis
1978 3862 2141 3927 erat

510 3952 786 4024 Nomen
807 3961 1179 4049 utrumque
1193 3961 1434 4025 tenens
1454 3978 1759 4047 versum,
1780 3961 1989 4027 notat
2004 3954 2138 4027 hoc
2156 3954 2352 4049 quod
2371 3954 2704 4045 habebat,

615 4054 802 4141 Quid
838 4055 1103 4127 mundo
1132 4060 1400 4148 posset,
1455 4054 1755 4126 reddere
1792 4055 2041 4150 quidve
2083 4055 2251 4127 Deo,

421 4223 426 4227 .
510 4150 590 4222 Si
623 4156 948 4248 speciem,
1003 4157 1066 4227 si
1101 4158 1352 4227 mentis
1387 4179 1581 4247 opes,
1636 4158 1698 4227 si
1732 4178 2031 4226 munera
2068 4155 2300 4249 linque

608 4252 960 4349 Attendes,
1016 4254 1216 4327 cedet
1247 4255 1492 4349 linqua
1533 4255 1877 4350 eadetque
1914 4255 2134 4327 stilus.
