3050 4900
345 982 504 1037 1197.

539 467 628 535 18
932 458 1498 534 RYCCARDUS
1553 459 1677 534 DE
1730 461 1805 533 S.
1858 459 2319 536 GERMANO

529 663 987 734 castellanus
1041 673 1203 732 erat
1256 659 1480 734 castri
1534 661 1915 756 Iohannis,
1970 661 2361 734 rebellavit
2398 661 2719 759 impera-

527 765 705 858 tori3
778 766 869 835 ad
935 785 1160 859 quam
1225 761 1715 835 obsidendam
1773 785 1942 833 cum
2000 761 2166 859 ipse
2221 763 2722 860 personaliter

530 865 924 936 accederet
975 862 1425 960 imperator,
1479 861 2063 960 superveniente
2118 864 2539 968 egritudine
2595 869 2718 937 ab·

526 965 696 1036 inde
735 964 1076 1040 infirmus
1115 963 1539 1056 discedens.,
1579 964 1772 1034 sicut
1806 963 2127 1036 Domino
2167 964 2470 1061 placuit,
2518 964 2716 1038 diem

355 1054 796 1138 Sept-clausit
858 1075 1302 1137 extremum.
1399 1064 1489 1135 Et
1550 1074 1727 1138 tunc
1787 1064 1988 1135 fama
2052 1059 2541 1136 discurrente'
2582 1091 2719 1163 per

375 1129 467 1182 28.

332 3102 488 3159 1198.

306 3174 492 3235 lan.8.

526 1189 875 1263 regnum3
929 1164 1167 1238 dictus
1219 1166 1431 1239 Oddo
1479 1165 1713 1236 frater
1748 1164 2112 1261 Dyopuldi
2166 1165 2459 1238 comitis
2499 1177 2712 1263 rupta

527 1267 912 1340 obsidione
951 1289 1170 1339 rocce
1207 1267 1423 1340 Sicce
1457 1265 1803 1361 discedi-it,
1843 1276 1918 1338 et
1952 1289 2039 1338 se
2076 1265 2391 1338 contulit
2427 1271 2517 1338 ad
2557 1291 2716 1339 roc·

526 1391 693 1441 cam
730 1366 963 1440 ArciS.

679 1466 1120 1565 imperatrix
1173 1465 1522 1539 Panormi
1578 1489 1985 1540 remanens
2039 1465 2111 1537 in
2167 1477 2383 1539 veste
2420 1466 2714 1562 lugubri

523 1572 616 1642 de
663 1593 858 1640 nece
909 1567 1389 1666 imperatoris
1439 1565 1575 1638 viri
1627 1567 1772 1661 sui,
1827 1567 2191 1664 regnique
2230 1567 2395 1664 paci
2445 1590 2713 1642 consu-

517 1671 685 1742 lens
755 1681 830 1742 et
895 1668 1161 1766 quieti,
1240 1668 1749 1740 Marcualdum
1824 1667 2120 1765 imperii
2182 1669 2709 1742 senescalcum

519 1795 691 1842 cum
746 1769 1174 1843 Teutonicis
1227 1769 1575 1841 omnibus
1630 1771 1722 1840 de
1758 1768 2379 1864 regno-exclusit,
2432 1768 2711 1866 ipsum-

520 1895 666 1968 que
695 1895 790 1943 ne
819 1873 1090 1942 amodo
1119 1893 1440 1966 regnum
1470 1869 1757 1965 ingredi
1798 1873 2081 1966 absque
2116 1895 2257 1942 suo
2294 1870 2504 1942 iussu
2545 1893 2710 1967 pre·

519 1982 881 2067 sumeret,
939 1993 1132 2044 neve
1186 1980 1620 2042 remaneret
1672 1969 1745 2040 in
1800 1993 2065 2067 regno,
2119 1972 2537 2044 iuramento
2590 1995 2708 2042 co-

521 2074 696 2169 egit.
792 2072 935 2160 Qui
984 2095 1157 2143 cum
1208 2071 1444 2168 ipsius
1482 2070 1983 2168 imperatricis
2019 2071 2283 2144 litteris
2322 2081 2399 2145 et
2430 2073 2705 2142 ducatu

519 2177 610 2246 ad
681 2173 1120 2246 comitatum
1185 2172 1452 2246 Molisii
1527 2173 1881 2267 venienS,
1950 2172 2072 2268 qui
2138 2183 2315 2245 tunc
2376 2171 2703 2244 Mai-chia

519 2280 925 2347 vocabatur
982 2285 1056 2346 et
1111 2273 1246 2346 sibi
1304 2275 1643 2368 favebat7
1698 2297 1869 2344 cum
1923 2273 2131 2344 illum
2188 2273 2326 2347 sibi
2364 2275 2705 2346 Muscon-

519 2377 842 2448 cervello
890 2384 1182 2448 mortuo
1235 2373 1703 2446 concesserit
1752 2373 2186 2470 imperator,
2240 2377 2402 2457 sub,
2434 2398 2703 2446 securo

517 2476 998 2549 cardinalium
1054 2479 1423 2548 conductu
1478 2481 1553 2547 et
1590 2474 1993 2546 securitate
2031 2498 2259 2571 supra
2298 2474 2469 2546 dicti
2507 2475 2703 2547 Petri

517 2578 772 2653 Celani
813 2577 1136 2672 comitis,
1171 2576 1290 2648 cui
1329 2586 1729 2673 propterea
1763 2578 2189 2669 Vayranurn
2230 2574 2547 2668 tradidit,
2586 2598 2700 2646 re·

511 2678 704 2751 lictis
734 2680 804 2749 in
838 2679 1002 2777 ipso
1034 2676 1299 2751 Molisii
1339 2678 1694 2748 comitatu
1736 2675 2169 2749 castellanis
2207 2677 2368 2748 suis
2398 2687 2473 2748 et
2500 2675 2700 2748 baiu-

510 2780 630 2875 lis,
667 2782 758 2852 ad
795 2782 1100 2855 Ancone.
1140 2778 1556 2851 marchiam
1592 2802 1731 2850 suo
1769 2801 1903 2875 pro
1935 2787 2145 2874 parte
2173 2776 2499 2849 dominio
2524 2780 2699 2850 sub-

511 2882 740 2953 ditam
782 2904 866 2953 se
905 2880 1239 2975 contulit,
1272 2878 1397 2951 'ubi
1429 2902 1601 2950 cum
1630 2878 1790 2951 suis
1821 2878 2272 2974 sequacibus
2300 2877 2697 2951 innumera

512 2983 706 3053 mala
745 2980 1143 3053 commisit.
2298 2978 2303 2991 '

661 3081 1087 3157 Celestinus
1137 3103 1330 3179 papa
1383 3078 1586 3173 obiit,
1636 3087 1715 3149 et
1748 3078 2148 3151 Letharius
2182 3078 2583 3151 cardinalis
2620 3078 2695 3151 in

515 3206 790 3281 papam
831 3180 1349 3254 innocentium
1387 3177 1834 3251 substitutus
1885 3188 2003 3251 est
2032 3180 2158 3251 issi.
2256 3180 2692 3277 imperatrix

509 3284 743 3356 filium
799 3306 1019 3356 suum
1073 3282 1147 3353 in
1198 3279 1529 3352 Marchia
1572 3282 1775 3375 apud
1834 3281 2113 3374 Hesym
2166 3279 2547 3353 civitatem
2585 3305 2694 3352 re·

507 3386 802 3479 lictum,
857 3387 998 3458 sub
1052 3385 1325 3454 ducatu
1372 3380 1548 3453 dicti
1604 3380 1861 3455 Gelani
1915 3381 2207 3454 comitis
2258 3392 2339 3453 et
2387 3381 2695 3455 Berardi

503 3484 801 3558 Laureti
867 3484 1159 3556 comitis
1225 3493 1300 3554 et
1361 3482 1781 3579 Cupersani
1844 3486 1933 3555 ad
2000 3507 2085 3555 se
2139 3481 2306 3556 duci
2357 3481 2563 3557 iubet
2615 3482 2690 3554 in

503 3608 851 3683 regnora,
895 3597 974 3658 et
1009 3588 1098 3657 de
1135 3583 1395 3680 Apulia
1436 3583 1510 3653 in
1551 3582 1878 3655 Siciliam
1916 3593 2411 3656 transmeare.
2482 3584 2690 3656 Tunc

504 3687 805 3784 quidam
859 3686 930 3758 in
982 3684 1318 3761 Calabria
1373 3684 1831 3756 Teutonicus
1890 3684 2197 3756 nomine
2249 3684 2687 3757 Fredericus

501 3810 674 3860 cum
723 3787 960 3860 nollet
1005 3784 1463 3883 imperatrici
1512 3785 1797 3878 favere,
1850 3808 1933 3857 se
1985 3785 2055 3855 in
2097 3784 2397 3857 Malveti
2434 3796 2685 3858 castro

501 3887 916 3985 recipiens,
981 3889 1178 3985 quod
1222 3887 1415 3958 furto
1463 3885 1882 3958 sustulerat
1929 3885 2221 3959 cuidam
2280 3886 2539 3957 Mauro
2592 3889 2685 3960 de
2766 3948 2773 3955 .

500 3990 684 4061 Mira
725 3988 996 4062 ibidem
1037 3988 1446 4061 castellano
1479 3996 1766 4057 statuto
1812 4010 1945 4084 pro
1987 3986 2445 4059 monasterio
2483 3985 2688 4063 Casi-

501 4090 745 4186 nensi‚
799 4090 1011 4163 iussu
1052 4088 1547 4186 imperatricis
1580 4086 1823 4185 ipsius
1876 4112 1919 4158 a
1970 4087 2242 4160 comite
2295 4088 2687 4184 Amphuso

383 4198 398 4211 ‘
500 4194 592 4263 de
631 4191 839 4264 Rotis
877 4190 1299 4287 ceterisque
1339 4188 1677 4263 Calabrie
1718 4188 2081 4260 nobilibus
2123 4188 2196 4258 in
2233 4186 2401 4283 ipso
2434 4198 2688 4259 castro

500 4297 864 4366 obsessus
919 4302 1036 4364 est
1086 4301 1159 4362 et
1211 4299 1563 4362 arctatus.
1670 4288 1814 4376 Qui
1868 4290 2042 4359 dum
2096 4286 2312 4359 aliter
2364 4290 2687 4361 evadere
