3050 4900
529 467 629 540 62
933 460 1498 536 RYCCARDUS
1553 457 1676 532 DE
1730 459 1803 532 S.
1858 457 2322 530 GERMANO

528 686 844 760 persona
881 662 1052 736 velle
1085 683 1317 756 suum,
1354 665 1555 734 terra
1592 659 2017 731 remanebat
2040 656 2349 751 ecclesie,
2386 664 2457 728 et
2480 658 2723 730 omnia

535 767 728 838 bona
761 784 898 835 sua
938 762 1324 856 recipiebat
1356 761 1865 832 monasterium
1905 758 2331 848 Casinense5
2372 763 2437 828 et
2470 761 2533 830 si
2562 781 2723 852 per-

533 888 718 940 sona
745 885 878 959 que
906 869 1070 934 erat
1092 860 1624 955 condempnata
1652 857 1937 930 volebat
1959 880 2036 930 se
2063 856 2431 950 redimere,
2468 857 2731 930 licebat

535 968 598 1038 ei
652 961 950 1037 vendere
999 963 1086 1034 de
1134 961 1343 1034 rebus
1378 962 1549 1033 suis.
1654 959 1830 1030 Item
1880 957 2073 1053 quod
2121 981 2279 1030 cum
2330 959 2728 1052 imperator

536 1065 888 1138 Henricus
947 1061 1369 1134 mandasset
1430 1059 1980 1151 redemptionem
2036 1057 2274 1152 colliyi
2314 1082 2453 1152 per
2500 1063 2727 1132 totum

537 1186 858 1260 reynum,
899 1163 1128 1240 abbas
1161 1163 1331 1247 fecit
1364 1159 1601 1254 colliyi
1631 1165 1913 1253 partem
1950 1160 2465 1252 continyentem
2490 1161 2728 1252 ipsam

538 1265 932 1338 abbatiam.
1022 1263 1198 1333 Item
1249 1261 1442 1356 quod
1482 1261 1835 1353 precatio,
1894 1281 2027 1354 que
2074 1259 2543 1351 prestabatur
2578 1261 2730 1352 reyi

539 1364 930 1454 Guilielmo,
963 1385 1093 1455 per
1129 1363 1466 1434 abbatem
1499 1361 1738 1453 fiebat,
1776 1365 1845 1431 et
1876 1360 2180 1432 ministri
2213 1359 2501 1431 abbatis
2536 1358 2729 1430 colli-

538 1465 807 1560 qebant
844 1486 976 1556 per
1028 1468 1296 1534 terram
1353 1462 1771 1532 monasterii
1816 1460 2296 1551 precationem
2350 1462 2607 1552 ipsam,
2665 1463 2733 1530 et

541 1564 763 1636 baiuli
812 1565 1000 1658 repis
1053 1585 1416 1656 nunquam
1458 1563 1588 1632 visi
1620 1567 1786 1632 sunt
1820 1559 1916 1630 ibi
1952 1558 2054 1631 ad
2085 1558 2241 1630 hoc.
2326 1560 2501 1630 Item
2538 1559 2734 1654 quod

538 1665 601 1734 si
637 1661 926 1759 quando
965 1662 1212 1756 aliqua
1249 1663 1537 1733 servitia
1576 1659 2127 1754 iniunyebantur
2163 1683 2209 1730 a
2249 1659 2537 1732 domino
2568 1682 2732 1754 reye

543 1764 790 1836 abbati
818 1762 925 1840 vel
953 1765 1163 1833 etiam
1195 1761 1594 1832 hominibus
1624 1759 1932 1850 abbatie,
1965 1759 2159 1854 quod
2176 1760 2733 1853 expediebantur

539 1886 669 1956 per
723 1862 1078 1954 abbatem,
1132 1860 1525 1932 monachos
1574 1867 1638 1931 et
1676 1863 2037 1932 ministros
2074 1863 2239 1932 eius.
2330 1861 2501 1932 Item
2540 1860 2737 1956 quod

541 1966 605 2034 si
639 1986 770 2057 que
807 1959 1358 2055 iniunyebantur
1395 1961 1703 2051 abbatie,
1756 1960 2311 2053 expediebantur
2339 1984 2471 2052 per
2508 1962 2732 2032 abba-

543 2070 678 2134 tem
716 2068 782 2133 et
813 2085 942 2155 per
975 2062 1294 2133 homines
1329 2083 1519 2135 suos,
1612 2061 1789 2131 Item
1826 2059 2019 2154 quod
2053 2060 2345 2155 quando
2383 2084 2511 2133 rex
2544 2063 2737 2134 misit

541 2161 825 2234 stolium
876 2163 948 2234 in
1002 2161 1458 2252 Romaniam,
1515 2161 1749 2233 abbas
1792 2161 2201 2233 Casinensis
2250 2160 2445 2232 dedit
2480 2161 2731 2234 milites

545 2263 832 2334 domino
871 2263 1042 2356 reyi,
1081 2267 1148 2332 et
1181 2263 1328 2352 ipse
1363 2260 1646 2354 colleyit
1674 2284 1805 2353 per
1840 2260 2211 2332 abbatiam
2246 2259 2583 2354 solidos·,

696 2363 818 2432 tibi
846 2366 914 2432 et
940 2363 1376 2432 monasterio
1405 2367 1527 2432 tuo
1552 2361 1883 2445 duximus
1910 2361 2433 2446 confirmanda.
2496 2361 2733 2451 Quare

547 2462 985 2533 mandamus
1018 2462 1340 2547 fidelitati
1376 2467 1512 2552 tue,
1565 2467 1913 2557 quatenus
1964 2460 2167 2532 dictis
2200 2462 2474 2535 iuribus
2510 2470 2580 2534 et
2614 2486 2733 2535 ra-

547 2562 853 2634 tionibus
899 2584 1030 2654 per
1081 2567 1144 2632 te
1195 2568 1264 2631 et
1314 2563 1674 2648 officiatos
1719 2567 1881 2633 tuos
1917 2564 2020 2631 uti
2056 2559 2340 2655 debeas,
2393 2565 2577 2635 sicut
2599 2586 2736 2657 per

548 2663 1064 2759 inquisitionem
1125 2664 1357 2755 ipsam
1422 2661 1723 2755 leyitime
1785 2668 1947 2733 sunt
2003 2662 2339 2753 probata.
2463 2663 2732 2736 Datum

547 2764 764 2857 Foyie
800 2768 925 2834 etc.

697 2862 1013 2935 indulxit
1065 2873 1243 2935 tunc
1291 2862 1512 2934 etiam
1555 2862 1963 2959 imperator
1998 2861 2143 2959 ipsi
2182 2863 2577 2937 Casinensi
2615 2866 2737 2936 ab·

553 2962 740 3056 bati,
812 2973 891 3035 ut
947 2963 1296 3035 homines
1349 2972 1551 3033 terre
1604 2986 1740 3035 sue
1796 2962 1959 3059 ipse
2015 2963 2346 3036 mitteret
2402 2968 2489 3038 ad
2544 2988 2735 3061 opus

556 3062 841 3163 castelli
881 3062 1171 3157 Gaiete,
1222 3062 1413 3134 sicut
1461 3086 1598 3159 per
1648 3063 2091 3135 Pandulfum
2144 3074 2220 3135 et
2258 3065 2737 3160 Robbertum,

555 3162 897 3234 dominos
941 3161 1231 3258 Aquini,
1286 3163 1653 3234 hactenus
1693 3161 2194 3236 mittebantur.

706 3262 1078 3333 Honorius
1135 3287 1328 3359 papa
1368 3263 1681 3335 Iohanni
1730 3264 1890 3361 regi
1930 3268 2304 3361 quondam
2346 3265 2739 3337 lherosoli-

558 3360 838 3433 mitano
890 3386 1020 3459 pro
1077 3362 1226 3435 vite
1267 3386 1402 3436 sue
1443 3364 1989 3437 sustentatione
2028 3375 2307 3437 terram
2347 3365 2743 3439 committit

559 3461 880 3533 ecclesie
919 3487 960 3533 a
1005 3462 1295 3535 Viterbo
1335 3488 1575 3560 usque
1614 3468 1703 3537 ad
1742 3475 2079 3537 montem
2118 3466 2583 3538 Flasconem.

707 3562 1076 3637 Henricus
1133 3565 1224 3635 de
1274 3565 1522 3636 Morta
1574 3566 1940 3661 magister
1988 3565 2421 3638 iustitiarius
2476 3566 2740 3638 actori-

414 3672 422 3680 ‘
558 3664 754 3733 tateb
808 3662 1200 3759 imperiali,
1257 3674 1514 3736 contra
1567 3665 2028 3737 forbannitos
2083 3676 2157 3737 et
2203 3665 2497 3739 lusores
2535 3666 2744 3739 taxil-

558 3760 830 3857 lorum,
891 3775 965 3837 et
1020 3776 1285 3837 euntes
1326 3765 1709 3837 nocturnis
1749 3765 1953 3837 horis
1994 3776 2166 3863 post
2200 3767 2501 3840 tertium
2544 3790 2743 3840 cam-

562 3888 757 3960 pane
797 3864 1151 3960 sonitum,
1192 3890 1324 3935 sua
1359 3874 1629 3937 statuta
1666 3864 1888 3937 edidit
1915 3865 1985 3937 in
2018 3865 2295 3938 Sancto
2326 3868 2744 3961 Germane,

563 3973 635 4034 et
666 3974 920 4035 contra
951 3964 1417 4037 tabernarios
1441 3964 1694 4058 etiam,
1727 3976 1805 4035 ut
1825 3968 1913 4037 ad
1938 3969 2355 4039 secundum
2374 3992 2744 4065 campane

567 4064 890 4135 sonitum
923 4065 1270 4137 claudant
1304 4068 1655 4137 tabernas
1698 4090 1904 4161 suaS,
1941 4066 2036 4137 ita
2081 4070 2274 4165 quod
2314 4071 2404 4141 ad
2443 4069 2743 4141 tertium

565 4219 619 4355 ἲ)
655 4220 734 4341 scic
768 4215 910 4339 {orte
949 4220 1213 4285 leyendum
1231 4220 1348 4269 ,Νη
1387 4220 1567 4272 codice
1606 4228 1657 4271 et
1694 4220 1806 4289 ipse
1846 4238 1940 4289 pro
1981 4221 2058 4273 eis
2100 4222 2310 4290 collegit
2350 4238 2445 4290 por
2484 4222 2749 4273 abbatem.

657 4304 729 4341 za
809 4327 821 4340 .
