3050 4900
326 1947 460 2003 Nov.
475 1947 525 2001 5.

543 486 640 556 44
945 478 1512 554 RchARnUs
1566 481 1689 553 DE
1744 480 1817 552 s.
1876 479 2339 552 GERMANO

1523 679 1772 769 1219.

694 823 852 895 Hoc
888 845 1084 893 anno
1125 821 1496 894 Honorius
1537 845 1731 919 papa
1772 844 2038 892 mense
2078 821 2259 892 lunii
2298 819 2569 893 Urbem
2614 843 2737 890 ex·-

541 923 747 1019 iens.,
817 923 948 995 ivit
1001 924 1272 1016 Reate,
1343 923 1591 1019 ibique
1657 945 1947 992 moram
2005 920 2294 998 faciens
2349 945 2592 1018 usque
2648 923 2739 992 ad

547 1048 893 1096 mensem
951 1022 1336 1118 Octobris⁷
1391 1022 1565 1095 inde
1622 1022 1752 1094 ivit
1802 1021 2251 1117 viterbium,
2309 1032 2384 1094 et
2434 1021 2739 1094 tandem

544 1127 862 1198 Romam
902 1147 1254 1196 reversus
1295 1134 1434 1195 est.
1506 1123 1640 1196 Set
1677 1147 1846 1195 curn
1886 1134 2193 1220 propter
2227 1123 2739 1194 Romanorum

547 1225 936 1298 molestias
980 1249 1154 1297 esse
1194 1225 1430 1297 Rome
1469 1247 1618 1296 non
1657 1233 1946 1321 posset,
2004 1235 2310 1296 coactus
2354 1233 2474 1296 est
2512 1223 2741 1294 Viter-

547 1327 749 1400 bium
789 1349 1155 1397 remeare.

696 1425 969 1499 Christi
1023 1425 1397 1499 exercitus
1434 1423 1743 1496 fluvium
1782 1433 2203 1498 transmeat
2238 1424 2609 1518 Damiate‚
2667 1433 2742 1493 et

543 1526 786 1627 posita
821 1527 1095 1599 civitati
1128 1526 1540 1620 obsidione.⁸
1572 1550 1740 1597 cum
1775 1526 2131 1598 soldanus
2162 1525 2461 1624 fugiens
2490 1533 2737 1596 metus

547 1653 776 1702 causa
814 1628 1094 1701 relictis
1133 1627 1472 1700 tentoriis
1513 1627 1585 1697 in
1628 1636 1921 1723 partem
1955 1625 2268 1698 alteram
2302 1623 2739 1718 secesserit,

546 1740 717 1828 post
781 1739 1080 1825 strages
1141 1728 1541 1825 plurimas7
1618 1736 1792 1826 post
1854 1737 2201 1824 sumptus
2266 1726 2740 1824 multipliceS,

544 1841 720 1930 post
766 1831 1066 1902 labores
1119 1839 1193 1900 et
1243 1831 1520 1901 damna
1558 1826 1951 1900 innumera
1992 1850 2259 1899 mense
2294 1826 2739 1900 Novembris

545 1932 620 2004 in
656 1930 908 2026 vigilia
937 1929 1134 2002 beati
1164 1927 1623 2001 confessoris
1651 1927 2046 2022 Leonardi.,
2085 1928 2401 2025 optinuit
2432 1929 2737 2001 tandem

545 2031 871 2104 faciente
908 2030 1228 2103 Domino
1265 2029 1717 2124 Damiatam‚
1765 2029 1911 2100 hoc
1947 2027 2114 2126 ipso
2143 2029 2548 2102 Albanensi
2590 2027 2741 2125 epi-

545 2156 779 2230 scopo
810 2141 1280 2230 procurante.
1337 2130 1613 2204 Civitas
1645 2140 1899 2202 autem
1930 2129 2090 2226 ipsa
2126 2153 2333 2227 auro7
2370 2127 2737 2229 lapidibus

545 2233 924 2332 pretiosis,
979 2232 1246 2330 pannis
1303 2231 1567 2304 sericis
1618 2233 1994 2328 rebusque
2033 2230 2303 2327 opimis
2357 2232 2581 2328 plena
2633 2230 2739 2302 in·

545 2344 771 2406 venta
825 2343 967 2429 est,
1023 2336 1114 2405 de
1158 2331 1425 2429 quibus
1464 2331 1739 2405 ditatus
1780 2329 2054 2406 Christi
2094 2331 2468 2404 exercitus
2510 2340 2627 2404 est
2666 2340 2740 2404 et

545 2433 818 2532 Egiptii
871 2432 1188 2532 spoliati.
1294 2433 1406 2505 De
1444 2431 1883 2506 Sarracenis
1923 2456 2102 2505 vero
2141 2441 2346 2506 tanta
2387 2433 2582 2506 facta
2624 2444 2741 2506 est

548 2547 874 2631 strages,
929 2538 1121 2631 quod
1165 2533 1589 2607 christianis
1629 2534 1811 2631 ipsis
1850 2532 2243 2630 displicuit.
2350 2535 2557 2607 Tunc
2594 2534 2739 2607 sol-

546 2640 785 2710 danus
849 2635 1014 2733 ipse
1078 2635 1328 2707 furore
1394 2658 1803 2724 accensus.³
1885 2659 2143 2708 muros
2213 2644 2411 2708 terre
2476 2646 2738 2708 sancte

545 2737 1012 2810 lherusalem
1053 2736 1287 2808 sterni
1325 2739 1416 2808 ad
1456 2735 1699 2807 solum
1726 2734 1914 2807 ‘fecit
1954 2746 2029 2807 et
2064 2760 2108 2807 a
2145 2734 2584 2810 Sarracenis
2632 2738 2739 2807 in·
2788 2776 2795 2782 ·

547 2837 731 2910 colis
771 2836 1044 2928 deseri,
1100 2836 1362 2934 paucis
1414 2836 1486 2907 in
1539 2861 1623 2909 ea
1668 2836 2111 2908 christicolis
2150 2838 2739 2910 remanentibuS.

545 2938 851 3011 Interim
908 2936 1295 3009 christiani
1346 2937 1723 3010 civitatem
1764 2936 2107 3009 Damiate
2157 2948 2419 3010 tenent
2457 2948 2531 3011 et
2566 2961 2741 3035 pos-

549 3040 820 3133 sidem,
877 3049 950 3111 et
1001 3042 1090 3109 ab
1142 3037 1343 3109 omni
1385 3039 1734 3135 spurcitia
1776 3061 2245 3135 paganorum
2288 3042 2738 3111 mundantes

551 3142 910 3233 eandem.
968 3148 1410 3210 construunt
1460 3140 1532 3210 in
1594 3165 1683 3211 ea
1742 3138 2105 3212 ecclesias
2160 3142 2249 3211 ad
2307 3139 2608 3211 laudem
2667 3149 2741 3211 et

547 3240 864 3333 gloriam
908 3238 1230 3311 nominis
1269 3240 1440 3312 Iesu
1479 3239 1772 3313 Christi.
1853 3238 2227 3313 Soldanus
2272 3264 2446 3310 vero
2487 3240 2738 3311 animo

547 3341 978 3433 viribusque
1016 3340 1452 3439 resumptis7
1508 3340 1955 3414 christianos
2010 3365 2157 3412 non
2210 3351 2464 3413 cessat
2498 3364 2739 3438 usque

548 3445 638 3514 ad
705 3464 1030 3537 aggeres
1099 3442 1364 3513 cotidie
1432 3440 1912 3543 impugnare,
1983 3442 2262 3514 nostris
2332 3452 2585 3515 tamen
2653 3464 2738 3513 se

548 3542 856 3614 viriliter
890 3542 1271 3616 tuentibus
1313 3554 1387 3614 et
1422 3542 1849 3615 tenentibus
1890 3551 2148 3613 contra
2187 3542 2377 3615 illos,
2476 3554 2481 3563 '

1526 3742 1773 3831 1220.

699 3897 1073 3973 Honorius
1126 3922 1319 3996 papa
1362 3920 1628 3969 mense
1666 3894 1851 3968 Iunii
1889 3920 1931 3967 a
1968 3896 2294 3969 Viterbio
2334 3898 2422 3967 ad
2464 3894 2739 3968 Urbem

548 4000 900 4071 Veterem
941 3998 1166 4093 vadit,
1215 4008 1291 4069 et
1328 3998 1520 4069 circa
1559 3995 1789 4069 finem
1828 3996 2295 4095 Septembris
2333 3995 2741 4069 Viterbium

549 4098 874 4193 rediens,
931 4100 1198 4172 exinde
1238 4099 1555 4171 Romam
1594 4120 1951 4170 reversus
1992 4108 2129 4171 est.

701 4198 1141 4274 Fredericus
1199 4224 1329 4272 rex
1383 4209 1693 4271 vocatus
1748 4224 1788 4270 a
1839 4224 2059 4296 papa,
2114 4198 2322 4270 venit
2358 4220 2529 4269 cum
2572 4220 2744 4267 con-

551 4310 754 4371 sorte
813 4325 948 4371 sua
1004 4300 1440 4373 Constantia
1501 4303 1592 4372 ad
1652 4324 2047 4395 coronam7
2121 4298 2381 4372 relicto
2447 4297 2521 4369 in
2574 4297 2744 4369 Ala-
