3050 4900
486 467 588 538 3ο
893 457 1464 534 RYCCARDUS
1518 459 1643 532 DE
1696 459 1770 534 s,
1827 457 2291 534 G-ERMANo

1463 656 1713 747 1210.

336 814 452 861 Am·-
640 799 814 872 Otto
870 795 1109 868 dictus
1159 796 1595 909 imperator,
1650 801 1931 866 tractus
1952 792 2009 840 ¹⁹
2066 818 2107 865 a
2164 794 2555 891 Dyopuldo
2610 801 2685 864 et

317 873 453 931 αφ
457 899 710 974 Petro
744 896 1146 972 Celanensi
1187 895 1494 992 comite,
1533 894 1656 992 qui
1696 918 1865 966 cum
1896 894 2061 991 ipso
2096 894 2480 992 Dyopuldo
2508 917 2685 966 con-

485 1009 842 1096 traxerat,
896 1019 1212 1110 quorum
1265 997 1456 1068 alter
1505 997 1869 1110 Capuam,
1926 995 2114 1066 alter
2151 1017 2331 1068 veto
2373 995 2512 1068 sibi
2551 994 2685 1068 Sa-

485 1103 780 1173 lei-num
851 1097 1186 1192 tiadidit,
1259 1107 1514 1195 spreto
1584 1097 2005 1168 iuramento
2078 1099 2273 1193 quod
2345 1097 2685 1169 Romane

491 1201 815 1275 ecclesie
867 1198 1154 1270 fecerat
1216 1221 1537 1295 regnum
1574 1197 1801 1269 intrat
1836 1221 1970 1294 per
2006 1197 2361 1270 Reatinas
2402 1206 2684 1295 parteS,
2792 1265 2797 1268 .

491 1305 628 1376 sub
666 1301 960 1372 illorum
1005 1301 1276 1372 ducatu
1315 1298 1436 1395 qui
1471 1297 1909 1372 fidelitatem
1942 1297 2007 1368 ei
2041 1297 2523 1395 prestiterant
2551 1322 2688 1396 per

493 1401 881 1496 Marsiam,
936 1409 1012 1472 et
1065 1399 1330 1476 exinde
1381 1423 1519 1498 per
1568 1397 1967 1512 Cominum
2020 1398 2260 1494 venit,
2316 1402 2403 1471 ad
2459 1423 2683 1497 quem

498 1503 735 1576 dictus
792 1499 1232 1575 Casinensis
1287 1503 1561 1595 abbaS,
1617 1497 1733 1573 cui
1786 1522 1963 1570 cura
2018 1508 2183 1572 erat
2231 1502 2321 1573 de
2373 1510 2572 1572 terra
2614 1508 2689 1572 et

493 1599 810 1702 popu10,
880 1625 1048 1673 cum
1108 1604 1197 1674 ad
1257 1599 1690 1697 ingressum
1745 1600 1980 1696 ipsius
2041 1596 2371 1672 Oddonis
2429 1610 2691 1673 essent

495 1727 762 1777 omnes
821 1701 1178 1791 exterriti,
1233 1700 1332 1773 ita
1387 1701 1640 1797 quod
1623 1726 1694 1772 in
1736 1701 2013 1774 Sancto
2052 1700 2430 1774 Germano
2472 1701 2689 1799 pauci

497 1807 902 1878 admodum
943 1801 1470 1896 remanserint,
1525 1799 1648 1898 qui
1696 1804 1787 1874 ad
1826 1801 1989 1872 loca
2028 1801 2299 1874 tutiora
2343 1827 2479 1874 sua
2518 1825 2693 1915 Syp-

501 1903 900 2016 pellectilia
929 1926 1079 1973 non
1111 1901 1482 1996 tulissent,
1523 1925 1702 1974 suos
1745 1925 1875 1999 pro
1917 1925 2104 2000 pace
2139 1902 2433 1999 legatos
2464 1901 2693 1996 misit,

501 2017 576 2079 et
611 2007 774 2118 ipse
805 2003 1031 2076 etiam
1064 2003 1291 2075 exivit
1318 2003 1392 2074 in
1425 2026 1825 2076 occursum
1860 2003 2048 2098 eiuS,
2087 2014 2349 2076 contra
2383 1956 2693 2074 fiatrurri

502 2105 840 2180 omnium
881 2104 1369 2178 voluntatem.
1441 2104 1502 2175 A
1542 2128 1685 2200 quo
1726 2103 1911 2176 satis
1950 2105 2275 2200 benigne
2316 2113 2695 2201 receptuS,

501 2219 779 2280 terram
821 2203 1257 2279 monastelii
1299 2203 1632 2276 servavit
1667 2205 2173 2303 indempnem.

333 2325 468 2430 cAnn-
655 2304 864 2378 Tunc
901 2306 1100 2378 idem
1141 2307 1314 2380 Otto
1355 2329 1438 2377 se
1480 2305 1815 2417 Capuam
1858 2305 2170 2402 confert,
2212 2305 2329 2378 ubi
2369 2303 2696 2402 receptis

333 2385 472 2491 <1269
506 2432 546 2481 3
598 2406 986 2505 Dyopuldo
1047 2405 1318 2479 ceteris
1385 2403 1921 2479 munitionibus
1987 2431 2173 2504 quas
2240 2407 2562 2480 habebat
2623 2405 2697 2477 in

506 2532 771 2604 regno,
810 2511 1076 2580 ducem
1114 2506 1397 2621 Spoleti
1437 2504 1666 2580 efficit
1701 2507 1929 2580 illum.
2086 2508 2221 2579 Hic
2260 2532 2429 2580 cum
2470 2516 2699 2604 gente

507 2606 745 2707 ipsius
784 2607 1079 2680 Ottonis
1117 2606 1249 2680 ivit
1285 2610 1375 2680 ad
1417 2607 1939 2682 debellandum
1991 2606 2369 2681 civitatem
2406 2608 2701 2702 Aquini,

509 2711 582 2782 in
638 2733 787 2824 qua
838 2708 1246 2799 Landulfus
1287 2708 1631 2821 Thomas
1690 2708 2094 2782 Pandulfus
2158 2719 2231 2782 et
2282 2709 2701 2783 Robbertus

511 2809 787 2902 domini
831 2808 1122 2908 Aquini,
1179 2810 1302 2907 qui
1357 2809 1561 2907 regis
1611 2807 1836 2882 fidem
1879 2815 2307 2905 servabant,
2362 2835 2446 2882 se
2499 2832 2703 2883 rece-

514 2922 781 3010 perant
836 2935 1004 2983 cum
1057 2921 1286 3007 gente
1339 2935 1514 3003 sua,
1588 2921 1659 2983 et
1717 2934 1887 2982 cum
1946 2935 2091 2981 non
2150 2912 2577 3009 prevaleret
2628 2910 2702 2983 in

514 3037 712 3108 eam,
768 3012 1044 3099 vitibus
1083 3010 1608 3102 resistentibus
1649 2989 2177 3108 predictorum,
2232 3014 2593 3085 confusus
2633 3022 2708 3084 et

517 3138 664 3207 non
707 3110 870 3183 sine
911 3115 1236 3209 dampno
1280 3110 1620 3185 recessit.

667 3211 945 3302 Civitas
998 3212 1353 3309 Neapolis
1406 3212 1477 3283 in
1535 3213 1784 3286 odium
1824 3214 2109 3286 Averse
2148 3212 2290 3309 ipsi
2329 3208 2581 3284 Ottoni
2622 3236 2706 3284 se

516 3312 868 3406 reddidit,
901 3312 1024 3406 qui
1053 3316 1144 3387 ad
1175 3312 1610 3387 instinctum
1639 3313 2307 3411 Neapolitanorum
2337 3313 2707 3385 Aversarn

519 3413 836 3508 obsidet,
893 3418 1064 3511 que,
1120 3415 1314 3487 facta
1369 3439 1537 3486 cum
1588 3438 1677 3485 eo
1720 3413 2290 3512 compositione,
2344 3412 2711 3486 remansit

522 3515 969 3611 indempnis.

671 3615 929 3687 Dictus
970 3614 1142 3687 Otto
1180 3615 1444 3712 Apulie
1501 3614 1692 3687 fines
1751 3614 2186 3710 ingreditur,
2244 3616 2514 3687 ceteris
2570 3614 2708 3686 sibi

525 3715 716 3786 colla
751 3714 1256 3809 flectentibus,
1306 3726 1469 3787 tum
1517 3714 1935 3786 voluntarie
1971 3726 2129 3787 tum
2171 3740 2401 3789 causa
2441 3725 2712 3788 metus.

675 3816 1154 3889 Innocentius
1200 3840 1398 3914 papa
1433 3816 1642 3887 illum
1684 3816 2313 3909 excommunicat,
2367 3828 2442 3889 et
2478 3816 2714 3890 eccle-

527 3916 718 3989 siam
776 3917 1208 4014 Capuanam
1265 3921 1402 3990 sub
1452 3914 1845 3989 interdicto
1896 3918 2129 4013 ponit,
2182 3942 2315 4016 pro
2373 3941 2462 3991 eo
2519 3920 2713 4016 quod

531 4018 914 4090 celebrare
971 4017 1134 4089 ausi
1189 4027 1364 4089 sunt
1411 4016 1577 4114 ipso
1630 4028 2001 4115 presente.
2101 4018 2719 4091 Excommunicat

372 4122 508 4255 Νιιέι
533 4117 760 4190 etiam
799 4142 1066 4190 omnes
1104 4118 1438 4191 fautores
1478 4116 1671 4191 illius
1723 4118 1794 4191 in
1846 4118 2131 4193 octavis
2170 4119 2365 4193 beati
2406 4119 2717 4192 Martini.

541 4291 634 4371 19)
684 4292 721 4351 i.
767 4311 826 4369 q.
875 4298 1192 4354 attractus,
