3050 4900
1125 433 1206 505 A.
1271 435 1482 509 1219.
1548 433 1756 508 1220.
2442 437 2538 509 45

345 633 648 706 mannia
680 633 1002 705 Henrico
1036 633 1184 704 filio
1217 659 1382 730 suo⁷
1415 646 1487 707 et
1516 639 1735 707 ambo
1769 634 1838 706 in
1868 636 2221 732 principis
2244 649 2543 734 aposto—

297 750 310 756 “
347 736 587 806 lorum
628 735 932 806 basilica
972 758 1240 807 mense
1280 736 1721 808 Novembris
1762 737 1833 806 in
1889 737 2079 808 festo
2137 741 2353 810 beate
2405 741 2537 813 Ce-

349 835 514 908 cilie
575 833 975 930 magnifice
1035 837 1218 909 satis
1275 859 1447 907 cum
1504 837 1707 908 omni
1750 837 2255 908 Romanorum
2302 840 2543 935 gratia

349 948 424 1008 et
460 938 746 1008 honore
785 947 963 1008 sunt
999 936 1290 1034 imperii
1331 914 1753 1010 diademate
1802 937 2170 1034 insigniti3
2226 963 2539 1037 quotum

349 1038 809 1108 coronationi
851 1036 1089 1108 dictus
1131 1037 1563 1134 Stephanus
1604 1037 2041 1112 Casinensis
2088 993 2345 1135 abbas⁷
2400 1063 2542 1112 nec

349 1163 493 1210 non
537 1161 795 1210 comes
835 1139 1259 1234 Roggeiius
1297 1142 1389 1211 de
1426 1138 1719 1235 Aquila,
1774 1162 2033 1212 comes
2084 1141 2393 1213 lacobus
2448 1142 2540 1213 de

346 1241 623 1312 Sancto
681 1238 1083 1334 severino,
1155 1263 1411 1311 comes
1464 1239 1869 1312 Riccardus
1927 1244 2018 1313 de
2076 1240 2396 1337 celano,
2466 1251 2543 1313 et

349 1338 679 1412 nonnulli
719 1342 809 1411 de
849 1363 1084 1435 regno
1124 1343 1445 1413 barones
1484 1341 2009 1436 interfuerunt,
2051 1353 2537 1415 occurrentes

345 1440 486 1540 ipsi
541 1440 974 1538 imperatori
1035 1450 1112 1511 ut
1163 1439 1398 1537 ipsius
1447 1441 1585 1512 sibi
1624 1440 1944 1537 gratiam
1985 1453 2539 1539 compararent,

345 1543 742 1638 eidemque
781 1543 1150 1613 dederunt
1185 1541 1589 1614 liberaliter
1626 1542 2039 1614 dextrarios
2080 1567 2267 1639 quos
2312 1543 2537 1616 habe-

346 1639 555 1736 bant,
621 1665 810 1738 quos
867 1641 1350 1714 redeuntibus
1404 1641 1476 1712 in
1528 1643 2051 1714 Alamanniam
2106 1644 2535 1716 Teutonicis

345 1745 510 1838 ipse
548 1742 862 1839 largitus
903 1753 1020 1815 est
1055 1743 1486 1840 imperator.

495 1845 704 1916 Tunc
740 1843 968 1915 etiam
1008 1843 1339 1916 Thomas
1379 1843 1644 1916 Molisii
1686 1867 1943 1916 comes
1982 1847 2071 1916 ad
2112 1843 2359 1941 ipsum
2409 1845 2537 1916 im·

343 1955 769 2044 perator-em
827 1970 958 2041 pro
1011 1944 1208 2017 illius
1268 1945 1504 2041 gratia
1565 1945 1969 2042 optinenda
2033 1945 2237 2017 misit
2298 1943 2531 2018 filium

343 2071 586 2118 suum.
694 2045 830 2117 Set
881 2069 1050 2116 cum
1109 2044 1449 2143 optinere
1502 2069 1670 2116 eam
1729 2069 1879 2116 non
1932 2056 2218 2142 posset,
2274 2056 2532 2120 contra

341 2147 590 2244 ipsum
644 2145 1177 2241 imperatorem
1226 2168 1310 2216 se
1349 2145 1423 2215 in
1462 2169 1759 2216 roccam
1801 2145 2065 2242 recipit
2100 2146 2532 2242 Magenulfi,

338 2245 728 2320 comitissa
770 2269 1000 2317 uxore
1040 2270 1175 2318 sua
1215 2245 1286 2316 in
1319 2269 1539 2317 rocca
1569 2245 1829 2318 Boiani
1868 2246 2267 2318 constituta
2307 2256 2383 2319 et
2420 2271 2533 2319 re-

337 2349 509 2420 licta
551 2371 722 2418 cum
764 2345 945 2419 suis.

491 2447 700 2520 Tunc
753 2447 916 2561 ipse
971 2447 1385 2546 imperator
1439 2472 1575 2545 per
1624 2471 1895 2519 manus
1949 2446 2321 2521 Ostiensis
2380 2448 2532 2547 epi-

343 2549 592 2647 scopi,
662 2549 782 2645 qui
843 2552 1322 2661 postmodum
1344 2546 1405 2595 ²⁴
1454 2548 1526 2619 in
1579 2573 1855 2646 papam
1906 2548 2357 2646 Gregorium
2414 2560 2533 2622 est

338 2659 757 2763 promotus„
813 2649 1226 2761 resumpsit
1277 2671 1606 2745 crucem⁷
1662 2660 1913 2721 votum
1975 2650 2266 2746 publice
2325 2651 2531 2721 inno-

339 2750 563 2846 vavit,
613 2750 1042 2847 multosque
1095 2750 1216 2846 qui
1264 2750 1676 2821 intererant
1712 2749 2001 2822 nobiles
2040 2750 2237 2822 idem
2279 2751 2529 2821 facere

339 2850 716 2923 animavit.
825 2852 1032 2923 Tunc
1087 2849 1312 2922 etiam
1369 2850 1609 2921 dictus
1666 2853 1895 2922 abbas
1951 2849 2383 2947 Stephanus
2438 2855 2528 2923 ad

340 2951 774 3049 petitionem
825 2950 1302 3049 imperatoris
1354 2950 1490 3023 sibi
1546 2973 1843 3022 roccam
1896 2950 2171 3023 Bantre
2224 2954 2528 3024 mandat

339 3052 653 3147 restitui⁷
707 3062 784 3123 et
817 3054 1118 3125 Atinum
1172 3075 1316 3149 que
1370 3076 1609 3166 usque
1663 3062 1841 3123 tunc
1890 3075 1981 3123 ex
2028 3052 2525 3125 concessione

335 3152 812 3252 imperatoris
867 3153 1166 3225 Henrici
1220 3152 1453 3250 patris
1510 3152 1746 3251 ipsius
1799 3163 2147 3225 tenuerat
2202 3153 2519 3225 ecclesia

335 3254 793 3327 Casinensis.

486 3355 902 3453 lmpelator
949 3354 1114 3451 ipse.
1167 3356 1402 3427 Rome
1461 3353 1531 3425 in
1588 3378 1725 3427 sua
1784 3354 2267 3427 coronatione
2304 3380 2523 3452 quas-

335 3458 506 3527 dam
567 3455 790 3527 edidit
844 3455 1275 3528 sanctiones
1328 3479 1460 3552 pro
1508 3454 1849 3539 libertate
1900 3455 2389 3529 ecclesiarum
2450 3466 2525 3527 et

337 3556 816 3649 clericorum7
885 3555 1326 3628 confusione
1400 3557 1975 3651 Paterenorum,
2042 3556 2520 3630 testamentis

335 3658 908 3754 peregrinorum
980 3668 1052 3729 et
1108 3656 1512 3729 securitate
1570 3656 2148 3753 agricultorum3
2220 3668 2293 3729 et
2344 3668 2521 3728 tunc

334 3758 716 3831 Romanos
785 3756 976 3830 fines
1045 3761 1411 3831 deserens
1489 3768 1565 3829 et
1634 3782 1766 3855 per
1828 3758 2315 3855 Campaniam
2383 3756 2522 3828 iter

333 3858 622 3932 habens
688 3859 892 3931 venit
954 3858 1025 3929 in
1089 3883 1450 3955 regnum,
1525 3869 1598 3930 et
1662 3860 1859 3956 apud
1924 3858 2281 3930 Sanctum
2340 3856 2520 3929 Ger-

336 3984 643 4031 manum
683 3958 1084 4056 magnifice
1124 3984 1166 4031 a
1201 3960 1539 4073 predicto
1578 3963 1845 4031 abbate
1886 3967 2264 4056 receptus.
2317 3982 2519 4031 men-

332 4084 496 4132 sam
537 4084 1020 4160 campsorum
1075 4070 1150 4132 et
1197 4060 1312 4133 ius
1377 4058 1768 4156 sanguinis
1813 4084 1974 4174 ‘que
2040 4084 2281 4159 usque
2340 4070 2519 4131 tunc

328 4161 695 4234 habuerat
731 4186 818 4235 ex
863 4160 1358 4234 concessione
1395 4159 1872 4259 imperatoris
1912 4160 2237 4257 Henrici,
2280 4161 2518 4233 eccle-

328 4279 430 4361 24)
481 4280 636 4341 haec
684 4280 870 4361 igitur
915 4288 1058 4359 post
1102 4300 1158 4341 a.
1208 4280 1388 4343 1227.
1435 4278 1666 4359 scripta
1712 4286 1874 4341 suut.
