3050 4900
498 460 594 527 78
899 453 1464 527 RYCCARDUS
1517 454 1641 527 DE
1696 456 1769 527 S
1824 456 2286 530 GERMANO

496 658 592 728 tis
630 658 900 728 abbate
931 653 1358 728 casinense
1387 665 1649 751 partes
1694 673 1875 727 suas
1926 654 2462 753 interponente
2511 664 2694 752 aput

496 756 876 853 legatum,
949 765 1282 826 castrum
1353 754 1604 867 ipsum
1666 754 1931 851 recipit
1992 759 2085 827 ad
2150 778 2422 829 manus
2486 780 2689 829 snas

498 858 836 952 Indeque
881 857 1304 968 procedens
1357 854 1739 927 exercitus
1772 854 1975 927 vadit
2006 855 2408 954 Aliphiam,
2462 882 2689 953 quam

495 956 674 1029 licet
739 971 876 1053 pro
942 955 1226 1029 viribus
1287 954 1785 1050 renitentem,
1854 967 2035 1053 post
2094 958 2295 1029 diros
2366 956 2692 1029 insultus

496 1058 740 1129 factos
789 1056 858 1127 in
913 1076 1082 1127 eam
1131 1077 1268 1152 per
1302 1055 1456 1127 vim
1492 1055 1811 1153 optinet,
1862 1066 1937 1127 et
1974 1060 2065 1129 ad
2104 1080 2297 1155 opus
2334 1056 2551 1129 illam
2574 1082 2692 1130 ie

499 1157 674 1255 cipit
713 1156 1070 1229 ecclesie:
1111 1156 1454 1228 similiter
1482 1167 1557 1229 et
1586 1166 1915 1229 castrum
1948 1158 2456 1251 pedemontis,
2494 1160 2691 1255 quod

501 1270 662 1329 erat
700 1256 993 1329 comitis
1033 1257 1468 1349 memorati,
1505 1256 1730 1329 turris
1758 1267 2019 1329 tamen
2048 1260 2274 1331 castri
2303 1258 2541 1355 ipsius
2574 1266 2694 1330 est

503 1362 594 1430 ad
633 1356 857 1429 fidem
897 1357 1136 1454 ipsius
1177 1357 1472 1429 comitis
1511 1368 1983 1429 conservata.
2070 1359 2279 1431 Tunc
2316 1370 2391 1431 et
2428 1358 2692 1430 civitas

500 1458 796 1531 Telesie
833 1457 1084 1553 legato
1125 1482 1210 1529 se
1247 1457 1485 1531 reddit
1523 1480 1753 1531 causa
1791 1468 2061 1531 metus.
2338 1482 2345 1489 ·

651 1559 948 1656 Papalis
989 1558 1362 1631 exercitus
1403 1583 1541 1656 per
1574 1569 1859 1631 terram
1894 1559 2254 1632 Iohannis
2290 1559 2439 1632 San
2473 1558 2692 1651 Fray-

500 1658 782 1754 mundi,
839 1681 1063 1755 quam
1117 1659 1255 1732 sibi
1305 1682 1444 1755 pro
1483 1670 1695 1757 parte
1734 1659 2061 1755 subegit,
2111 1662 2517 1755 t1·ansien.3,
2574 1682 2693 1731 oc-

501 1760 968 1831 currentibus
1007 1759 1150 1831 illis
1189 1763 1280 1832 de
1318 1761 1784 1856 Benevento,
1836 1784 1924 1832 se
1961 1760 2268 1832 contulit
2302 1760 2695 1832 Beneven-

499 1871 698 1953 tum3
755 1870 835 1930 et
880 1870 1060 1930 tunc
1109 1860 1252 1957 ipsi
1306 1860 1824 1932 Beneventani
1865 1885 2032 1933 cum
2073 1862 2319 1957 papali
2360 1860 2693 1933 exercitu

503 1970 578 2032 et
633 1980 804 2031 cum
844 1960 1122 2032 viribus
1161 1962 1318 2033 suis
1357 1960 1645 2033 vicinos
1684 1962 2159 2034 adversarios
2196 1962 2696 2033 vehementer

495 2061 969 2157 impugnant,
1008 2061 1364 2133 Padulem
1405 2070 1480 2133 et
1513 2061 1853 2159 Apicem,
1906 2084 2080 2133 cum.
2116 2082 2201 2134 se
2238 2072 2501 2134 tenere
2541 2085 2691 2131 non

498 2171 836 2259 possent,
891 2160 1277 2259 recipiunt.
1385 2163 1881 2259 Cippalonum
1930 2166 2399 2258 comburunt,
2455 2161 2692 2234 muni-

496 2259 700 2333 tione
741 2265 1149 2357 superstite
1187 2272 1654 2333 remanente.
1752 2262 2046 2337 Casalia
2085 2264 2364 2335 Montis
2397 2260 2693 2335 Fusculi

503 2362 678 2459 igne
735 2373 1111 2457 cremant,
1169 2362 1288 2433 ubi
1343 2363 1796 2435 adveniente
1839 2384 2169 2460 rumore,
2224 2366 2421 2461 quod
2476 2386 2695 2435 cesar

503 2467 595 2534 de
627 2463 837 2552 Syria
869 2463 1316 2560 iii-Apuliam
1346 2475 1685 2560 venerat,
1724 2464 2015 2562 papalis
2056 2465 2427 2536 exercitus
2464 2487 2692 2535 causa

507 2573 751 2634 metu-s
817 2562 1016 2659 cepit
1077 2563 1404 2636 dissolvi.
1512 2565 1879 2637 Dominus
1942 2566 2317 2637 lohannes
2388 2567 2481 2636 de
2558 2566 2695 2639 Co·-

504 2664 810 2760 lumpna
865 2663 1260 2735 cardinalis
1315 2675 1387 2736 et
1442 2665 1821 2736 lohannes
1858 2689 1992 2736 rex
2028 2668 2411 2762 quondam
2444 2666 2695 2736 lhero-

507 2763 981 2836 solimitanus
1015 2775 1090 2836 et
1105 2765 1697 2837 Lombardorum
1726 2766 2078 2863 copiosus
2112 2766 2487 2838 exercitus
2506 2765 2695 2858 Ray-

507 2864 812 2937 naldum
865 2868 1132 2936 ducem
1179 2865 1462 2960 Spoleti
1519 2866 1731 2938 velut
1778 2868 2079 2938 hostem
2144 2865 2467 2938 ecclesie
2530 2889 2697 2962 per*

509 2975 946 3062 sequentes,
999 2965 1208 3036 illum
1247 2967 1450 3038 exire
1491 2967 1903 3054 Marchiam
1950 2977 2025 3040 et
2072 2967 2144 3038 in
2204 2989 2523 3062 regnum
2580 2989 2695 3038 re-

507 3065 663 3137 dire
717 3065 1204 3162 compellunt,
1259 3077 1336 3138 et
1383 3077 1901 3164 receptantem
1956 3091 2039 3139 se
2078 3067 2153 3138 in
2191 3067 2553 3140 Sulmona
2590 3073 2698 3138 te-

509 3176 695 3236 nent
743 3167 1162 3238 obsessum.
1269 3169 1477 3239 Tunc
1517 3177 1843 3240 castrum
1884 3167 2269 3240 Pectorani
2309 3166 2697 3264 recipiunt.

661 3265 980 3338 Romani
1018 3287 1248 3364 super
1282 3268 1691 3340 viterbium
1730 3269 2037 3362 vadunt,
2082 3279 2157 3341 et
2192 3267 2569 3340 civitatem
2610 3291 2701 3338 ac

512 3377 842 3437 castrum
904 3371 1272 3463 quoddam
1339 3371 1431 3439 ad
1496 3391 1669 3440 eam
1728 3370 2117 3466 pertinens
2186 3371 2701 3463 devastantes,

512 3469 705 3562 quod
747 3467 1286 3541 Monasterium
1323 3468 1615 3564 dicitur,
1668 3471 1759 3540 ad
1795 3469 2071 3543 Urbem
2108 3470 2398 3542 reversi
2438 3479 2639 3540 sunt.

663 3568 871 3638 Tunc
925 3569 1274 3665 Pelagius
1326 3570 1621 3664 legatus
1681 3571 2057 3666 predictus
2110 3569 2413 3642 nuntios
2462 3571 2550 3640 ad
2589 3568 2701 3641 Io-

511 3669 841 3740 hannem
900 3673 992 3742 de
1045 3670 1458 3766 Columpna
1517 3669 1970 3741 cardinalem
2026 3681 2107 3742 et
2134 3671 2549 3742 Iohannem
2586 3692 2701 3740 re·

513 3788 687 3865 gem
721 3773 1095 3866 quondam
1122 3769 1855 3842 lherosolimitanum
1886 3775 2029 3844 suh
2054 3771 2445 3843 celeritate
2459 3779 2703 3842 trans-

514 3869 762 3964 mittit,
798 3880 879 3942 ut
915 3873 1008 3942 ad
1045 3893 1130 3942 se
1172 3870 1431 3942 venire
1465 3871 1846 3942 festinent.
1916 3871 2058 3958 Qui
2096 3875 2187 3944 ad
2224 3870 2697 3943 vocationem

513 3970 742 4065 legati
773 3975 866 4044 ab
894 3969 1278 4043 obsidione
1307 3974 1753 4042 recedentes
1794 3970 2115 4044 civitatis
2140 3972 2531 4064 Sulmone,
2564 3994 2705 4067 per

514 4070 788 4142 vallem
830 4070 1097 4166 Sangri
1158 4070 1229 4140 in
1287 4070 1721 4142 comitatum
1764 4071 2029 4144 Molisii
2068 4073 2401 4166 veniunt,
2453 4070 2705 4168 Alphi-

516 4173 790 4242 denam
829 4171 902 4241 vi
940 4170 1267 4266 capiunt,
1323 4181 1398 4242 et
1449 4171 1843 4243 castellum
1885 4173 2072 4268 eius,
2128 4174 2201 4244 in
2240 4197 2385 4270 quo
2426 4195 2511 4244 se
2550 4170 2705 4267 qui·

517 4275 688 4342 dam
716 4270 1198 4366 Vinci-guerra
1230 4274 1320 4343 de
1341 4273 1625 4344 Aversa
1658 4285 2055 4371 receperat
2082 4297 2251 4346 cum
2280 4283 2509 4368 gente
2542 4295 2705 4364 sita,
