3050 4900
1166 452 1246 525 A.
1312 453 1523 526 1227.
1586 452 1796 525 1228.
2478 450 2572 518 67

391 654 586 750 apud
653 651 1011 723 Sanctum
1071 649 1569 744 Germanum3
1644 653 1733 722 ad
1789 649 2322 745 imperatorem
2378 646 2578 722 vadit

391 758 622 828 abbas
653 750 1088 826 Casinensis
1129 750 1537 847 predictus,
1574 751 1781 847 ipsos
1822 759 2185 846 preeunte
2222 747 2417 822 dicto
2454 750 2578 820 ab·

383 859 564 928 bate
593 851 1165 946 Terremaioris3
1203 851 1326 949 qui
1365 876 1408 922 a
1447 875 1713 923 cesare
1754 848 2192 946 prohibitus,
2230 851 2319 922 ad
2360 870 2578 922 suam

391 952 1010 1030 tunc-ecclesiam
1049 976 1198 1024 non
1239 951 1585 1024 accessit.

1234 1225 1248 1243 ·
1371 1185 1613 1274 1228.

543 1359 808 1432 Mense
859 1359 1177 1430 Ianuarii
1232 1359 1516 1432 denarii
1570 1360 1739 1432 novi
1779 1355 2231 1430 Brundusini
2282 1379 2417 1453 per
2451 1356 2581 1428 Ur-

397 1484 663 1533 sonem
705 1459 1121 1532 castaldum
1161 1458 1237 1530 in
1274 1460 1550 1533 Sancto
1580 1460 1958 1532 Germano
1989 1457 2139 1528 dati
2166 1466 2367 1550 sunt⁷
2406 1479 2581 1553 quo-

397 1585 564 1632 rum
622 1584 921 1634 summa
974 1559 1111 1631 fuit
1154 1562 1294 1633 160
1332 1562 1625 1655 unciae,
1681 1584 1869 1658 quos
1918 1558 2283 1654 magister
2316 1557 2583 1629 Frede-

397 1662 596 1734 ricus
635 1671 708 1734 et
743 1659 1182 1734 Fredericus
1210 1659 1512 1734 Landus
1552 1664 1643 1733 de
1679 1658 2197 1754 Malacucclar,
2233 1679 2584 1754 procura-

397 1772 600 1834 tores
631 1765 722 1834 ab
754 1764 1020 1834 abbate
1049 1761 1310 1855 relicti⁷
1340 1761 1674 1835 distribui
1703 1758 2249 1860 particulariter
2276 1782 2413 1856 per
2437 1769 2582 1830 ter-

399 1886 562 1936 ram
591 1861 1029 1934 monasterii
1067 1873 1589 1959 preceperunt.

545 1965 828 2036 Eodem
859 1986 1128 2034 mense
1159 1962 1602 2036 clericorum
1630 1962 1907 2034 focarie
1934 1960 2062 2032 filii
2092 1971 2167 2032 et
2193 1959 2343 2032 filie
2372 1958 2581 2032 iussu

397 2063 873 2160 imperatoris
927 2062 1320 2158 capiuntur
1356 2062 1629 2160 ubique
1667 2087 1803 2160 per
1840 2086 2180 2157 regnum.

555 2163 766 2235 Dicto
831 2162 1222 2234 Casinensi
1290 2165 1529 2235 abbati
1596 2167 1687 2235 ab
1742 2163 2196 2259 imperatore
2246 2163 2320 2232 in
2378 2185 2583 2233 man-

401 2263 594 2335 datis
650 2265 888 2357 datur,
945 2272 1023 2334 ut
1079 2272 1376 2334 centum
1429 2263 1850 2336 servientes
1907 2267 2099 2335 bene
2137 2272 2439 2358 paratos
2477 2261 2583 2332 in-

399 2363 676 2459 veniat,
708 2385 875 2434 cum
910 2363 1262 2460 expensis
1297 2375 1369 2436 et
1399 2363 1629 2436 armis
1658 2387 1794 2462 per
1824 2388 2101 2434 annum
2134 2360 2586 2436 necessariis

400 2466 498 2537 ad
537 2464 925 2537 servitium
965 2475 1164 2535 terre
1204 2478 1487 2541 sancte.

553 2564 810 2637 Dictus
867 2564 1230 2661 magister
1263 2566 1701 2639 Fredericus
1742 2576 1817 2639 et
1850 2565 2289 2637 Fredericus
2326 2564 2589 2637 Berar-

400 2666 541 2736 ›dus
594 2668 686 2738 de
725 2665 1004 2738 Celano
1043 2667 1287 2737 vocati
1325 2670 1414 2738 ad
1455 2692 1729 2765 papam
1769 2669 2075 2760 vadunt,
2131 2689 2449 2763 quorum
2489 2664 2591 2735 al-

401 2775 543 2859 ter,
599 2765 883 2837 scilicet
913 2766 968 2837 F
973 2766 1352 2838 redericus
1390 2767 1793 2859 Ber-ardus,
1836 2767 2439 2863 procurationem
2477 2787 2590 2836 re-

407 2865 585 2962 cipit
621 2866 875 2938 Sancti
912 2865 1254 2962 Gregorii
1307 2867 1380 2938 in
1419 2868 1659 2961 Urbe3
1714 2866 1925 2939 alteri
1982 2890 2160 2938 vero
2208 2866 2262 2937 F
2266 2863 2587 2937 arfensis

407 2966 728 3039 ecclesie
766 2966 1063 3038 rennuit
1100 2967 1493 3040 abbatiam.

553 3066 1186 3164 Archiepiscopus
1227 3068 1797 3141 panormitanus
1850 3067 2151 3139 nuntius
2196 3090 2237 3138 a
2278 3066 2589 3139 soldano

409 3169 500 3239 ad
557 3191 903 3240 cesarem
958 3169 1297 3265 rediens7
1355 3170 1836 3267 elephantem
1890 3193 2161 3261 unum,
2214 3168 2461 3239 mulos
2518 3176 2594 3238 et

404 3267 737 3363 pretiosa
791 3271 1113 3365 quedam
1151 3270 1292 3341 alia
1335 3294 1649 3341 munera
1686 3269 1827 3366 ipsi
1866 3268 2296 3367 imperatori
2336 3268 2594 3341 detulit

407 3391 501 3439 ex
537 3380 750 3465 parte
789 3369 1098 3441 soldani.

554 3470 820 3541 Mense
855 3470 1232 3542 Februarii
1271 3470 1660 3543 Odorisius
1698 3473 1793 3542 tle
1829 3472 2116 3543 Aversa
2154 3470 2591 3546 Casinensis

407 3570 827 3641 monachus
881 3594 921 3641 a
974 3570 1336 3666 Gregorio
1388 3596 1583 3669 papa
1636 3572 1707 3643 in
1749 3574 2095 3645 abbatem
2134 3571 2385 3646 Sancti
2424 3570 2591 3642 Vin-

409 3668 632 3741 centii
672 3681 1058 3767 promotus
1099 3682 1235 3743 est.

560 3769 819 3842 Mense
870 3770 1112 3843 Martii
1167 3796 1298 3869 pro
1353 3783 1653 3844 centum
1700 3771 2053 3870 predictis
2092 3769 2590 3844 servientibus

409 3870 723 3942 collecte
763 3881 938 3943 sunt
977 3874 1066 3944 de
1103 3882 1303 3945 terra
1343 3872 1779 3946 monasterii
1817 3873 2033 3945 uncie
2078 3874 2292 3945 1200.

557 3972 840 4043 Eodem
882 3996 1146 4044 mense
1180 3974 1589 4046 Landulfus
1629 3973 2066 4049 Casinensis
2105 3976 2336 4045 abbas
2375 3993 2591 4043 voca·

409 4082 528 4143 tus
571 4082 688 4145 est
724 4097 765 4143 a
807 4096 1097 4167 cesare,
1141 4085 1218 4146 ut
1255 4076 1345 4145 ad
1384 4074 1633 4171 ipsum
1672 4077 1896 4146 vadat
1931 4075 2127 4172 apud
2165 4074 2593 4145 Tarentum.

411 4172 501 4243 Et
539 4173 976 4268 quibusdam
1019 4176 1110 4246 de
1150 4198 1384 4271 regno
1428 4176 1732 4272 prelatis
1773 4174 2204 4273 iniungitur,
2262 4184 2340 4246 ut
2378 4197 2461 4247 se
2501 4175 2589 4245 ad

407 4274 1037 4347 transfretandum
1078 4278 1399 4349 debeant
1437 4300 1860 4373 preparare.
