3050 4900
481 446 582 517 80
891 441 1454 515 RYCCARDUS
1513 443 1633 513 DE
1688 444 1761 514 S.
1816 442 2277 515 GERMANO

483 640 686 715 riis³¹
753 642 1214 715 sufficienter
1264 643 1559 715 mittere
1612 641 2113 737 nequivisset,
2184 640 2491 737 quilibet
2541 664 2675 734 pro

487 743 838 815 facultate
877 767 1012 815 sua
1049 746 1316 815 barcas
1355 743 1428 813 in
1471 753 1683 839 portu
1714 743 2173 813 Acconitano
2208 751 2675 814 oneraverat.

485 844 618 917 Set
668 853 954 915 mutato
1005 867 1181 915 aere
1239 854 1314 915 et
1347 848 1641 915 turbato
1682 843 1896 937 mari,
1951 852 2153 914 tanta
2196 842 2437 915 subito
2489 851 2675 913 tem-

486 953 746 1041 pestas
793 943 1184 1037 inhorruit,
1239 954 1319 1015 ut
1365 944 1699 1015 vascella
1750 968 1919 1015 cum
1962 942 2401 1017 victualibus
2444 941 2675 1013 nulla-

482 1054 708 1117 tenus
761 1048 852 1117 ad
907 1044 1322 1116 exercitum
1351 1034 1549 1115 ferri
1604 1054 1956 1141 possent.
2028 1054 2104 1117 et
2166 1067 2335 1115 cum
2401 1040 2675 1115 Christi

487 1144 862 1221 exercitus
913 1145 986 1217 in
1039 1145 1274 1217 multa
1325 1144 1701 1217 anxietate
1750 1155 1929 1216 tunc
1968 1154 2202 1238 esset,
2254 1144 2413 1215 fere
2451 1164 2679 1213 omne

491 1244 887 1317 consilium
919 1246 1294 1319 exercitus
1321 1245 1472 1317 iam
1503 1244 2073 1357 desperabiliter
2094 1253 2680 1335 tnurmuranteS‚

489 1346 592 1417 nil
628 1346 822 1417 aliud
865 1370 1276 1443 superesse
1314 1346 1692 1441 videbant,
1741 1369 1967 1442 quam
2005 1345 2079 1415 in
2119 1345 2328 1417 Acon
2366 1346 2679 1415 redeun-

489 1449 688 1519 dum.
797 1445 940 1533 Qui
987 1448 1220 1519 dum
1200 1472 1274 1518 ln
1314 1447 1440 1517 tali
1479 1456 1743 1519 essent
1778 1445 2207 1519 discrimine
2246 1444 2491 1542 positi,
2546 1441 2681 1515 mi-

491 1545 816 1619 sericors
870 1558 944 1619 et
993 1547 1392 1621 miserator
1439 1547 1832 1642 Dominus,
1886 1546 2009 1642 qui
2061 1546 2237 1617 facit
2288 1555 2458 1657 post
2493 1553 2683 1615 tem-

336 1667 470 1779 ξων..
490 1658 866 1761 pestatem
905 1649 1386 1745 tranquillum
1429 1660 1504 1719 et
1542 1672 1781 1745 prope
1808 1658 1927 1719 est
1954 1646 2349 1719 omnibus
2332 1668 2683 1717 invocan-

457 1748 686 1821 tibus
751 1747 1032 1844 ipsum,
1107 1758 1457 1821 serenato
1523 1772 1697 1820 mox
1752 1770 1971 1842 aere,
2044 1771 2251 1819 mare
2314 1746 2681 1817 tumidum

491 1847 810 1945 pacavit,
841 1857 1196 1961 tantaque
1227 1848 1528 1922 navium
1551 1859 1628 1920 et
1648 1852 2039 1921 barcarum
2068 1847 2455 1919 multitudo
2480 1844 2684 1917 venit

490 1950 802 2045 Ioppen,
857 1960 936 2019 ut
986 1948 1232 2021 omnis
1283 1950 1625 2021 defectus
1676 1949 1879 2046 prius
1918 1948 2271 2021 habitus
2255 1973 2325 2020 m
2369 1945 2683 2044 plenitu-

493 2049 745 2120 dinem
784 2049 1120 2121 omnium
1158 2052 1766 2122 necessariorum
1806 2060 1880 2120 et
1908 2048 2495 2121 habundantiam
2526 2069 2684 2118 mu-

494 2159 798 2221 taretin.
902 2152 1012 2223 Ab
1051 2150 1170 2221 illo
1210 2161 1554 2247 tempore
1594 2150 1905 2223 ulterius
1938 2159 2227 2221 tantam
2268 2147 2447 2221 fecit
2480 2147 2685 2218 Deus

497 2250 692 2321 aeiis
724 2250 1198 2347 temperiem,
1230 2261 1310 2321 ut
1337 2251 1853 2322 indifferenter
1883 2260 1959 2322 et
1978 2274 2255 2345 magna
2280 2260 2355 2321 et
2374 2248 2687 2319 minima

496 2351 882 2422 vase-ella
865 2362 1059 2422 irent
1111 2362 1184 2423 et
1239 2350 1569 2423 redirent
1604 2375 1741 2447 per
1777 2374 2013 2443 mare,
2066 2351 2169 2421 ita
2210 2352 2402 2456 quod
2442 2346 2687 2420 omnis

499 2453 710 2547 copia
778 2453 1382 2536 necessat-ieiuni
1443 2452 1518 2522 in
1582 2462 1783 2522 terra
1848 2476 2157 2548 semper
2227 2452 2345 2523 est
2416 2447 2689 2522 habita.

500 2553 708 2622 Tunc
737 2555 828 2624 de
861 2552 1238 2623 communi
1271 2553 1606 2624 omnium
1632 2553 1939 2624 consilio
1965 2563 2179 2649 cepta
2204 2560 2375 2624 sunt
2400 2547 2691 2621 edificia

503 2651 728 2723 castri
755 2652 1094 2749 loppen
1077 2677 1148 2724 in
1182 2652 1487 2726 fossatis
1517 2664 1593 2724 et
1624 2653 1852 2725 muris
1884 2652 2299 2764 erigendis,
2328 2654 2519 2746 quod
2554 2649 2693 2720 erit

501 2753 998 2825 memoriale
979 2777 1049 2823 m
1094 2777 1314 2826 evum
1355 2753 1560 2826 omni
1599 2753 2142 2846 christianitati,
2181 2752 2353 2850 quia
2392 2774 2528 2866 per
2559 2748 2692 2822 Dei

504 2852 823 2949 gratiam
879 2878 971 2926 ex
1022 2853 1249 2927 nimia
1302 2855 1701 2926 devotione
1754 2865 1829 2926 et
1878 2853 2154 2926 affectu
2192 2877 2421 2951 quem
2458 2853 2693 2945 impe-

506 2965 708 3025 ratoi
761 2964 836 3026 et
891 2956 1137 3028 omnis
1190 2955 1510 3052 populus
1570 2955 1761 3026 circa
1826 2955 2025 3026 idem
2088 2978 2281 3051 opus
2345 2955 2694 3044 habebat,

509 3063 582 3124 et
630 3054 1013 3127 laborabat
1062 3056 1537 3126 incessanter
1589 3065 1743 3126 tota
1798 3055 1951 3148 die,
2008 3065 2183 3126 ante
2241 3051 2693 3126 dominicam

509 3164 731 3249 caput
759 3156 1336 3250 quadragesime
1368 3179 1625 3252 usque
1639 3159 1828 3227 adeo
1860 3155 1996 3227 fuit
2013 3165 2471 3268 promotum,
2499 3155 2695 3249 quod

511 3279 549 3325 a
608 3254 968 3351 principio
1027 3279 1163 3327 sue
1215 3255 1713 3328 inchoationis
1767 3281 2148 3353 nunquam
2212 3255 2449 3328 extitit
2507 3256 2697 3324 adeo

513 3355 700 3425 forte
742 3365 816 3425 et
853 3359 1044 3427 bene
1084 3356 1386 3432 factum.
1451 3359 1742 3428 Interea
1782 3381 1961 3428 vero
2003 3359 2177 3428 dum
2209 3357 2353 3428 hec
2382 3353 2697 3428 sollicite

511 3465 944 3550 agerentur,
984 3456 1216 3528 nuntii
1257 3457 1546 3530 soldani
1582 3456 2155 3553 etimperatoris
2186 3456 2703 3528 indifferenter

512 3556 718 3627 ibant
753 3556 927 3627 hinc
963 3557 1160 3652 inde,
1216 3568 1628 3630 tractantes
1668 3561 1760 3629 de
1799 3562 1993 3630 bono
2029 3558 2237 3653 pacis
2278 3567 2355 3630 et
2396 3577 2701 3628 concor-

514 3655 652 3727 die.
751 3656 1122 3730 Soldanus
1174 3683 1352 3730 vero
1404 3659 1601 3730 idem
1654 3668 1730 3729 et
1784 3658 2015 3729 frater
2064 3657 2253 3751 eius,
2308 3657 2431 3754 qui
2480 3678 2700 3726 voca-

514 3761 732 3828 batur
765 3757 1078 3853 Sarech,
1135 3784 1305 3830 cum
1353 3757 1872 3832 innumerabili
1928 3758 2260 3830 exercitu
2314 3758 2513 3828 iuxta
2560 3755 2699 3828 Ga-

518 3881 771 3930 zeram
822 3859 1167 3931 iacebant
1217 3863 1306 3932 ad
1359 3883 1585 3930 unam
1641 3858 1957 3952 dietam,
2025 3868 2101 3930 et
2154 3859 2511 3931 soldanus
2561 3856 2702 3927 Da-

519 3958 756 4030 masci
797 3983 964 4030 cum
1005 3985 1144 4032 suo
1183 3984 1458 4056 magno
1499 3959 1829 4030 exercitu
1866 3969 2028 4030 erat
2056 3969 2236 4055 aput
2264 3956 2705 4067 Neapolym,

521 4083 656 4155 per
709 4084 933 4132 unam
988 4060 1330 4131 similiter
1365 4060 1640 4131 dietam
1694 4059 1981 4132 distans
2020 4063 2111 4132 ab
2151 4059 2481 4131 exercitu
2520 4054 2709 4130 chri-

521 4161 658 4231 stia
670 4184 798 4254 no
832 4170 911 4232 et
923 4164 1096 4233 dum
1119 4163 1211 4232 de
1235 4159 1709 4232 restitutione
1727 4170 2173 4233 tractaretur
2194 4171 2393 4232 terre
2418 4167 2710 4248 sancte,

521 4277 622 4359 31)
671 4278 708 4340 i.
758 4299 816 4357 q.
863 4274 1206 4355 sagmen-HS,
1253 4275 1430 4356 equis
1477 4277 1839 4342 clitellariis,
