3050 4900
427 425 566 488 vll!
1248 426 1794 500 PRAEFATIO.

589 628 668 724 1)
707 626 1062 700 Erasmus
1092 626 1386 700 Gattula
1424 629 1532 700 vir
1570 629 1829 720 optime
1859 626 1947 697 de
1972 624 2275 698 historia
2305 629 2621 718 meritus,

435 753 629 802 anno
682 729 875 801 1734
926 727 1239 800 secundo
1296 734 1490 799 tomo
1543 725 2044 799 Accessionum
2101 727 2203 799 ad
2246 726 2625 799 historiam

436 831 929 904 Cassinensem
979 852 1149 921 pay.
1205 829 1604 902 766-820
1652 834 1915 899 temtum
1968 826 2189 899 edidit
2235 851 2369 923 ope
2418 835 2625 900 auto-

433 929 697 1026 yraphi
747 928 954 1001 valde
1003 927 1478 1022 emendatum,
1532 927 1661 1000 sed
1712 930 1831 1021 qui
1878 927 2097 999 multo
2142 930 2374 1001 minus
2408 952 2624 1024 quam

438 1035 829 1103 mereretur
881 1053 1012 1122 per
1059 1032 1296 1122 ipsam
1339 1028 1627 1100 Italiam
1682 1028 2055 1119 inclaruit,
2118 1031 2222 1100 ita
2272 1037 2350 1101 ut
2400 1030 2509 1101 vel
2553 1031 2626 1100 in

443 1130 868 1204 editionibus
919 1128 1414 1220 Neapolitanis
1465 1129 1731 1200 seilicet
1763 1127 2111 1200 Raccolta
2166 1129 2239 1200 di
2274 1129 2625 1221 croniche‚

441 1232 638 1318 diarj
675 1237 801 1302 etc.
855 1255 922 1298 a.
994 1230 1178 1302 1780
1213 1253 1363 1324 sqq.
1410 1230 1477 1299 T.
1513 1229 1630 1299 IV.
1672 1235 1739 1299 et
1772 1229 2117 1322 Giuseppe
2171 1230 2285 1299 del
2316 1231 2416 1301 Re
2454 1231 2626 1301 Cro-

441 1334 605 1404 nisti
655 1354 690 1401 e
728 1331 1042 1401 scrittori
1075 1332 1392 1401 sincroni
1431 1330 1499 1399 T.
1539 1329 1631 1400 II.
1674 1353 1743 1400 a.
1789 1332 2005 1422 1844,
2060 1332 2177 1424 qui
2234 1332 2625 1402 versionem

439 1431 706 1503 Italam
746 1429 1028 1522 adiecit,
1084 1429 1416 1502 Gattulae
1453 1428 1666 1501 editio
1702 1431 2089 1524 iynoretur.
2156 1471 2240 1482 -
2320 1431 2453 1518 Qui
2482 1432 2627 1525 pri-

441 1556 636 1606 mam
675 1530 1047 1601 editionem
1091 1532 1373 1600 curavit

591 1630 677 1726 2)
725 1630 1080 1726 Uqhellius
1115 1631 1183 1700 in
1220 1630 1436 1701 Italia
1477 1629 1718 1701 Sacra
1764 1630 1828 1700 T.
1858 1630 1987 1723 111,
2026 1631 2171 1705 953
2202 1655 2349 1726 sqq.
2390 1639 2459 1703 et
2491 1632 2631 1703 edi-

442 1732 650 1803 tionis
685 1730 1044 1802 secundae
1088 1730 1155 1801 T.
1187 1730 1268 1823 X,
1306 1732 1445 1803 173
1475 1755 1625 1826 sqq.
1667 1737 1931 1801 teoetum
1971 1730 2179 1802 valde
2201 1733 2628 1826 ”corruptum

445 1831 774 1924 exhibuit,
829 1831 1108 1925 qualem
1149 1855 1235 1900 ex
1273 1830 1717 1924 apoqraphis
1754 1833 2069 1923 accepit‚·
2124 1855 2327 1925 quem

598 1931 716 2028 2¹³)
772 1931 1131 2001 Iohannes
1187 1931 1518 2023 Baptista
1562 1932 1907 2002 Carusius
1950 1932 2018 2001 Τ.
2060 1931 2147 2023 11,
2182 1955 2354 2025 paq.
2401 1936 2432 2004 1
2478 1957 2625 2026 sqq.

450 2031 927 2104 Bibliothecae
964 2029 1250 2101 Siculae
1283 2038 1566 2103 secutus
1603 2038 1726 2120 est,
1782 2037 1848 2102 et

601 2131 686 2227 3)
729 2130 1174 2202 Muratorius
1209 2131 1276 2202 Τ.
1319 2131 1458 2224 Vll,
1486 2158 1556 2222 p.
1588 2133 1733 2206 963
1764 2156 1912 2228 sqq.
1952 2131 2403 2226 Scriptorum
2437 2133 2634 2206 Itali-

448 2257 696 2305 corum
735 2232 971 2302 multis
1007 2231 1179 2302 locis
1218 2235 1549 2303 correxit.

595 2332 768 2404 Post
806 2354 984 2427 quos
1020 2331 1396 2404 editionem
1443 2339 1795 2424 nostram,
1852 2333 1955 2404 ad
2002 2335 2443 2428 autoqraphi
2493 2342 2635 2406 tex·

449 2439 596 2505 tum
659 2439 1024 2524 exactam,
1089 2432 1290 2506 haud
1347 2434 1494 2505 sine
1553 2436 1794 2520 fructu
1857 2434 2253 2506 consultum
2317 2437 2407 2506 iri
2466 2460 2634 2507 con-

447 2533 754 2621 fidimus.
798 2564 806 2571 ·
