<?xml version="1.0" encoding="UTF-8"?>
<!DOCTYPE html PUBLIC "-//W3C//DTD XHTML 1.0 Transitional//EN"
    "http://www.w3.org/TR/xhtml1/DTD/xhtml1-transitional.dtd">
<html xmlns="http://www.w3.org/1999/xhtml" xml:lang="en" lang="en">
 <head>
  <title>
</title>
<meta http-equiv="Content-Type" content="text/html;charset=utf-8" />
  <meta name='ocr-system' content='tesseract 3.04.00' />
  <meta name='ocr-capabilities' content='ocr_page ocr_carea ocr_par ocr_line ocrx_word'/>
</head>
<body>
  <div class='ocr_page' id='page_1' title='image "./ryccardidesanct01pertgoog_0113.png"; bbox 0 0 3050 4900; ppageno 0'>
   <div class='ocr_carea' id='block_1_1' title="bbox 1294 434 2567 509">
    <p class='ocr_par' dir='ltr' id='par_1_1' title="bbox 1294 434 2567 509">
     <span class='ocr_line' id='line_1_1' title="bbox 1294 434 2567 509; baseline -0.002 -3"><span class='ocrx_word' id='word_1_1' title='bbox 1294 436 1374 506; x_wconf 88' lang='lat' dir='ltr'><em>A.</em></span> <span class='ocrx_word' id='word_1_2' title='bbox 1437 434 1649 509; x_wconf 82' lang='lat'>1230.</span> <span class='ocrx_word' id='word_1_3' title='bbox 2434 434 2567 503; x_wconf 93' lang='grc'><em>101</em></span> 
     </span>
    </p>
   </div>
   <div class='ocr_carea' id='block_1_2' title="bbox 389 630 2580 1419">
    <p class='ocr_par' dir='ltr' id='par_1_2' title="bbox 389 630 2580 1033">
     <span class='ocr_line' id='line_1_2' title="bbox 391 630 2578 729; baseline -0.003 -20"><span class='ocrx_word' id='word_1_4' title='bbox 391 637 724 710; x_wconf 78' lang='lat' dir='ltr'><em>collectos</em></span> <span class='ocrx_word' id='word_1_5' title='bbox 772 640 1149 729; x_wconf 79' lang='lat' dir='ltr'><strong><em>presumat</em></strong></span> <span class='ocrx_word' id='word_1_6' title='bbox 1200 636 1599 727; x_wconf 81' lang='lat' dir='ltr'><strong><em>imponere,</em></strong></span> <span class='ocrx_word' id='word_1_7' title='bbox 1660 634 1883 705; x_wconf 81' lang='lat' dir='ltr'><em>salvis</em></span> <span class='ocrx_word' id='word_1_8' title='bbox 1936 632 2071 704; x_wconf 83' lang='lat' dir='ltr'><em>illis</em></span> <span class='ocrx_word' id='word_1_9' title='bbox 2122 634 2423 705; x_wconf 77' lang='lat' dir='ltr'><em>servitiis</em></span> <span class='ocrx_word' id='word_1_10' title='bbox 2476 630 2578 704; x_wconf 80' lang='lat' dir='ltr'><em>od</em></span> 
     </span>
     <span class='ocr_line' id='line_1_3' title="bbox 389 732 2580 833; baseline -0.002 -26"><span class='ocrx_word' id='word_1_11' title='bbox 389 762 521 833; x_wconf 84' lang='lat' dir='ltr'><em>que</em></span> <span class='ocrx_word' id='word_1_12' title='bbox 558 743 743 808; x_wconf 80' lang='lat' dir='ltr'><em>certe</em></span> <span class='ocrx_word' id='word_1_13' title='bbox 779 735 1064 807; x_wconf 82' lang='lat' dir='ltr'><em>ecclesie</em></span> <span class='ocrx_word' id='word_1_14' title='bbox 1099 734 1208 805; x_wconf 87' lang='lat' dir='ltr'><em>vel</em></span> <span class='ocrx_word' id='word_1_15' title='bbox 1230 757 1540 827; x_wconf 81' lang='lat' dir='ltr'><em>persone</em></span> <span class='ocrx_word' id='word_1_16' title='bbox 1576 739 1899 806; x_wconf 73' lang='lat' dir='ltr'><em>tenentur</em></span> <span class='ocrx_word' id='word_1_17' title='bbox 1932 734 2135 805; x_wconf 81' lang='lat' dir='ltr'><em>nobis</em></span> <span class='ocrx_word' id='word_1_18' title='bbox 2178 732 2580 827; x_wconf 79' lang='lat' dir='ltr'><em>specialiter</em></span> 
     </span>
     <span class='ocr_line' id='line_1_4' title="bbox 389 834 2577 931; baseline -0.003 -22"><span class='ocrx_word' id='word_1_19' title='bbox 389 837 766 931; x_wconf 73' lang='lat' dir='ltr'><em>obbliyate.</em></span> <span class='ocrx_word' id='word_1_20' title='bbox 830 834 1050 908; x_wconf 53' lang='lat' dir='ltr'><em>Data·</em></span> <span class='ocrx_word' id='word_1_21' title='bbox 1087 836 1156 906; x_wconf 80' lang='lat' dir='ltr'><em>in</em></span> <span class='ocrx_word' id='word_1_22' title='bbox 1194 836 1455 906; x_wconf 80' lang='lat' dir='ltr'><em>castris</em></span> <span class='ocrx_word' id='word_1_23' title='bbox 1493 841 1660 905; x_wconf 80' lang='lat' dir='ltr'><em>ante</em></span> <span class='ocrx_word' id='word_1_24' title='bbox 1699 835 2138 927; x_wconf 79' lang='lat' dir='ltr'><em>Ceperanum</em></span> <span class='ocrx_word' id='word_1_25' title='bbox 2172 836 2286 908; x_wconf 83' lang='lat'><em>24.</em></span> <span class='ocrx_word' id='word_1_26' title='bbox 2318 834 2577 905; x_wconf 81' lang='lat' dir='ltr'><em>mensis</em></span> 
     </span>
     <span class='ocr_line' id='line_1_5' title="bbox 389 934 971 1033; baseline -0.003 -25"><span class='ocrx_word' id='word_1_27' title='bbox 389 935 689 1033; x_wconf 72' lang='lat' dir='ltr'><em>Auqusti</em></span> <span class='ocrx_word' id='word_1_28' title='bbox 723 934 866 1007; x_wconf 76' lang='lat' dir='ltr'><em>ind.</em></span> <span class='ocrx_word' id='word_1_29' title='bbox 907 938 971 1008; x_wconf 88' lang='lat'><em>3.</em></span> 
     </span>
    </p>

    <p class='ocr_par' dir='ltr' id='par_1_3' title="bbox 391 1033 2577 1411">
     <span class='ocr_line' id='line_1_6' title="bbox 540 1033 2577 1107; baseline -0.001 0"><span class='ocrx_word' id='word_1_30' title='bbox 540 1036 761 1107; x_wconf 85' lang='lat' dir='ltr'><em>Mittit</em></span> <span class='ocrx_word' id='word_1_31' title='bbox 822 1034 1048 1106; x_wconf 84' lang='lat' dir='ltr'><em>etiam</em></span> <span class='ocrx_word' id='word_1_32' title='bbox 1107 1056 1288 1107; x_wconf 85' lang='lat' dir='ltr'><em>suos</em></span> <span class='ocrx_word' id='word_1_33' title='bbox 1340 1033 1656 1107; x_wconf 85' lang='lat' dir='ltr'><em>nuntios·</em></span> <span class='ocrx_word' id='word_1_34' title='bbox 1699 1042 1774 1105; x_wconf 90' lang='lat' dir='ltr'><em>et</em></span> <span class='ocrx_word' id='word_1_35' title='bbox 1824 1033 2109 1105; x_wconf 80' lang='lat' dir='ltr'><em>litteras</em></span> <span class='ocrx_word' id='word_1_36' title='bbox 2164 1034 2254 1104; x_wconf 86' lang='lat' dir='ltr'><em>ad</em></span> <span class='ocrx_word' id='word_1_37' title='bbox 2309 1056 2577 1105; x_wconf 90' lang='lat' dir='ltr'><em>omnes</em></span> 
     </span>
     <span class='ocr_line' id='line_1_7' title="bbox 394 1130 2577 1230; baseline -0.002 -21"><span class='ocrx_word' id='word_1_38' title='bbox 394 1136 734 1210; x_wconf 89' lang='lat' dir='ltr'><em>civitates</em></span> <span class='ocrx_word' id='word_1_39' title='bbox 789 1146 864 1207; x_wconf 90' lang='lat' dir='ltr'><em>et</em></span> <span class='ocrx_word' id='word_1_40' title='bbox 918 1145 1164 1207; x_wconf 85' lang='lat' dir='ltr'><em>castra</em></span> <span class='ocrx_word' id='word_1_41' title='bbox 1221 1136 1312 1206; x_wconf 86' lang='lat' dir='ltr'><em>de</em></span> <span class='ocrx_word' id='word_1_42' title='bbox 1366 1133 1698 1207; x_wconf 88' lang='lat' dir='ltr'><em>marchia</em></span> <span class='ocrx_word' id='word_1_43' title='bbox 1752 1157 1899 1230; x_wconf 88' lang='lat' dir='ltr'><em>que</em></span> <span class='ocrx_word' id='word_1_44' title='bbox 1954 1133 2093 1207; x_wconf 89' lang='lat' dir='ltr'><em>sibi</em></span> <span class='ocrx_word' id='word_1_45' title='bbox 2140 1130 2577 1206; x_wconf 87' lang='lat' dir='ltr'><em>fidelitatem</em></span> 
     </span>
     <span class='ocr_line' id='line_1_8' title="bbox 391 1231 2575 1332; baseline -0.002 -22"><span class='ocrx_word' id='word_1_46' title='bbox 391 1239 754 1332; x_wconf 69' lang='lat' dir='ltr'><em>fecerant,</em></span> <span class='ocrx_word' id='word_1_47' title='bbox 795 1240 930 1309; x_wconf 89' lang='lat' dir='ltr'><em>sub</em></span> <span class='ocrx_word' id='word_1_48' title='bbox 971 1234 1553 1307; x_wconf 81' lang='lat' dir='ltr'><em>comminatione</em></span> <span class='ocrx_word' id='word_1_49' title='bbox 1583 1232 2087 1329; x_wconf 73' lang='lat' dir='ltr'><em>diffidationis,</em></span> <span class='ocrx_word' id='word_1_50' title='bbox 2124 1245 2203 1308; x_wconf 91' lang='lat' dir='ltr'><em>ut</em></span> <span class='ocrx_word' id='word_1_51' title='bbox 2230 1236 2321 1305; x_wconf 87' lang='lat' dir='ltr'><em>ad</em></span> <span class='ocrx_word' id='word_1_52' title='bbox 2350 1231 2575 1306; x_wconf 87' lang='lat' dir='ltr'><em>fidem</em></span> 
     </span>
     <span class='ocr_line' id='line_1_9' title="bbox 393 1334 2431 1419; baseline -0.001 -10"><span class='ocrx_word' id='word_1_53' title='bbox 393 1342 704 1411; x_wconf 79' lang='lat' dir='ltr'><em>redeant</em></span> <span class='ocrx_word' id='word_1_54' title='bbox 741 1337 1078 1408; x_wconf 85' lang='lat' dir='ltr'><em>Romane</em></span> <span class='ocrx_word' id='word_1_55' title='bbox 1119 1336 1440 1408; x_wconf 85' lang='lat' dir='ltr'><em>ecclesie</em></span> <span class='ocrx_word' id='word_1_56' title='bbox 1479 1346 1557 1408; x_wconf 86' lang='lat' dir='ltr'><em>et</em></span> <span class='ocrx_word' id='word_1_57' title='bbox 1592 1336 2029 1408; x_wconf 86' lang='lat' dir='ltr'><em>mandatum</em></span> <span class='ocrx_word' id='word_1_58' title='bbox 2071 1334 2431 1419; x_wconf 88' lang='lat' dir='ltr'><em>eiusdem.</em></span> 
     </span>
    </p>
   </div>
   <div class='ocr_carea' id='block_1_3' title="bbox 542 1434 2751 1533">
    <p class='ocr_par' dir='ltr' id='par_1_4' title="bbox 542 1434 2751 1533">
     <span class='ocr_line' id='line_1_10' title="bbox 542 1434 2751 1533; baseline -0.001 -24"><span class='ocrx_word' id='word_1_59' title='bbox 542 1439 806 1509; x_wconf 88' lang='lat' dir='ltr'><em>Mense</em></span> <span class='ocrx_word' id='word_1_60' title='bbox 859 1434 1354 1533; x_wconf 75' lang='lat' dir='ltr'><em>SeptembriS,</em></span> <span class='ocrx_word' id='word_1_61' title='bbox 1408 1436 1649 1533; x_wconf 88' lang='lat' dir='ltr'><em>prima</em></span> <span class='ocrx_word' id='word_1_62' title='bbox 1707 1436 1826 1507; x_wconf 87' lang='lat' dir='ltr'><em>die</em></span> <span class='ocrx_word' id='word_1_63' title='bbox 1880 1436 2165 1508; x_wconf 85' lang='lat' dir='ltr'><em>mensis</em></span> <span class='ocrx_word' id='word_1_64' title='bbox 2211 1434 2751 1530; x_wconf 72' lang='lat' dir='ltr'><em>eiusdem‚Sept·</em></span> 
     </span>
    </p>
   </div>
   <div class='ocr_carea' id='block_1_4' title="bbox 387 1535 2691 4343">
    <p class='ocr_par' dir='ltr' id='par_1_5' title="bbox 393 1535 2691 1815">
     <span class='ocr_line' id='line_1_11' title="bbox 393 1535 2691 1650; baseline -0.001 -41"><span class='ocrx_word' id='word_1_65' title='bbox 393 1537 517 1636; x_wconf 91' lang='lat' dir='ltr'><em>qui</em></span> <span class='ocrx_word' id='word_1_66' title='bbox 558 1538 692 1610; x_wconf 86' lang='lat' dir='ltr'><em>fuit</em></span> <span class='ocrx_word' id='word_1_67' title='bbox 726 1537 888 1610; x_wconf 89' lang='lat' dir='ltr'><em>dies</em></span> <span class='ocrx_word' id='word_1_68' title='bbox 927 1536 1370 1650; x_wconf 73' lang='lat' dir='ltr'><em>dominicus7</em></span> <span class='ocrx_word' id='word_1_69' title='bbox 1409 1560 1624 1609; x_wconf 77' lang='lat' dir='ltr'><em>cesai</em></span> <span class='ocrx_word' id='word_1_70' title='bbox 1660 1535 2014 1609; x_wconf 88' lang='lat' dir='ltr'><em>invitatus</em></span> <span class='ocrx_word' id='word_1_71' title='bbox 2054 1561 2095 1607; x_wconf 88' lang='lat' dir='ltr'><em>a</em></span> <span class='ocrx_word' id='word_1_72' title='bbox 2134 1560 2357 1635; x_wconf 87' lang='lat' dir='ltr'><em>papa.</em></span> <span class='ocrx_word' id='word_1_73' title='bbox 2410 1559 2579 1607; x_wconf 90' lang='lat' dir='ltr'><em>cum</em></span> <span class='ocrx_word' id='word_1_74' title='bbox 2678 1547 2691 1562; x_wconf 75' lang='lat'><em>⁶</em></span> 
     </span>
     <span class='ocr_line' id='line_1_12' title="bbox 397 1635 2581 1734; baseline -0.001 -25"><span class='ocrx_word' id='word_1_75' title='bbox 397 1645 607 1711; x_wconf 78' lang='lat' dir='ltr'><em>esset</em></span> <span class='ocrx_word' id='word_1_76' title='bbox 633 1640 707 1709; x_wconf 91' lang='lat' dir='ltr'><em>in</em></span> <span class='ocrx_word' id='word_1_77' title='bbox 739 1637 1005 1709; x_wconf 86' lang='lat' dir='ltr'><em>castris</em></span> <span class='ocrx_word' id='word_1_78' title='bbox 1037 1638 1108 1708; x_wconf 90' lang='lat' dir='ltr'><em>in</em></span> <span class='ocrx_word' id='word_1_79' title='bbox 1140 1639 1329 1734; x_wconf 88' lang='lat' dir='ltr'><em>pede</em></span> <span class='ocrx_word' id='word_1_80' title='bbox 1351 1636 1720 1732; x_wconf 73' lang='lat' dir='ltr'><em>Anagnie,</em></span> <span class='ocrx_word' id='word_1_81' title='bbox 1751 1635 2151 1733; x_wconf 81' lang='lat' dir='ltr'><em>magnifice</em></span> <span class='ocrx_word' id='word_1_82' title='bbox 2184 1637 2581 1709; x_wconf 82' lang='lat' dir='ltr'><em>comitatus</em></span> 
     </span>
     <span class='ocr_line' id='line_1_13' title="bbox 395 1736 2585 1815; baseline -0.001 -4"><span class='ocrx_word' id='word_1_83' title='bbox 395 1764 438 1811; x_wconf 89' lang='lat' dir='ltr'><em>a</em></span> <span class='ocrx_word' id='word_1_84' title='bbox 498 1738 998 1811; x_wconf 78' lang='lat' dir='ltr'><em>cardinalibus</em></span> <span class='ocrx_word' id='word_1_85' title='bbox 1053 1747 1126 1810; x_wconf 86' lang='lat' dir='ltr'><em>et</em></span> <span class='ocrx_word' id='word_1_86' title='bbox 1179 1737 1661 1811; x_wconf 89' lang='lat' dir='ltr'><em>nobilioribus</em></span> <span class='ocrx_word' id='word_1_87' title='bbox 1701 1736 2017 1810; x_wconf 88' lang='lat' dir='ltr'><em>civitatis</em></span> <span class='ocrx_word' id='word_1_88' title='bbox 2058 1737 2359 1815; x_wconf 84' lang='lat' dir='ltr'><em>intravit</em></span> <span class='ocrx_word' id='word_1_89' title='bbox 2392 1738 2585 1811; x_wconf 85' lang='lat' dir='ltr'><em>Ana-</em></span> 
     </span>
    </p>

    <p class='ocr_par' dir='ltr' id='par_1_6' title="bbox 397 1837 2590 2742">
     <span class='ocr_line' id='line_1_14' title="bbox 397 1837 2585 1936; baseline 0.001 -27"><span class='ocrx_word' id='word_1_90' title='bbox 397 1839 678 1935; x_wconf 70' lang='lat' dir='ltr'><em>gniam‚</em></span> <span class='ocrx_word' id='word_1_91' title='bbox 735 1850 807 1911; x_wconf 91' lang='lat' dir='ltr'><em>et</em></span> <span class='ocrx_word' id='word_1_92' title='bbox 845 1863 933 1911; x_wconf 93' lang='lat' dir='ltr'><em>eo</em></span> <span class='ocrx_word' id='word_1_93' title='bbox 973 1840 1090 1911; x_wconf 90' lang='lat' dir='ltr'><em>die</em></span> <span class='ocrx_word' id='word_1_94' title='bbox 1131 1862 1300 1910; x_wconf 90' lang='lat' dir='ltr'><em>cum</em></span> <span class='ocrx_word' id='word_1_95' title='bbox 1341 1862 1537 1936; x_wconf 91' lang='lat' dir='ltr'><em>papa</em></span> <span class='ocrx_word' id='word_1_96' title='bbox 1577 1837 1824 1911; x_wconf 88' lang='lat' dir='ltr'><em>sedit</em></span> <span class='ocrx_word' id='word_1_97' title='bbox 1805 1864 1879 1909; x_wconf 88' lang='lat' dir='ltr'><em>m</em></span> <span class='ocrx_word' id='word_1_98' title='bbox 1918 1862 2213 1935; x_wconf 72' lang='lat' dir='ltr'><em>mensa,</em></span> <span class='ocrx_word' id='word_1_99' title='bbox 2266 1848 2340 1910; x_wconf 90' lang='lat' dir='ltr'><em>et</em></span> <span class='ocrx_word' id='word_1_100' title='bbox 2377 1838 2585 1911; x_wconf 89' lang='lat' dir='ltr'><em>solus</em></span> 
     </span>
     <span class='ocr_line' id='line_1_15' title="bbox 400 1938 2587 2038; baseline -0.001 -25"><span class='ocrx_word' id='word_1_101' title='bbox 400 1965 570 2013; x_wconf 90' lang='lat' dir='ltr'><em>cum</em></span> <span class='ocrx_word' id='word_1_102' title='bbox 627 1940 816 2035; x_wconf 73' lang='lat' dir='ltr'><em>scic,</em></span> <span class='ocrx_word' id='word_1_103' title='bbox 869 1941 1232 2035; x_wconf 82' lang='lat' dir='ltr'><em>magistro</em></span> <span class='ocrx_word' id='word_1_104' title='bbox 1284 1950 1541 2012; x_wconf 88' lang='lat' dir='ltr'><em>tamen</em></span> <span class='ocrx_word' id='word_1_105' title='bbox 1581 1938 2161 2012; x_wconf 85' lang='lat' dir='ltr'><em>Teutonicorum</em></span> <span class='ocrx_word' id='word_1_106' title='bbox 2200 1949 2587 2038; x_wconf 74' lang='lat' dir='ltr'><em>presente,</em></span> 
     </span>
     <span class='ocr_line' id='line_1_16' title="bbox 398 2039 2589 2138; baseline 0 -27"><span class='ocrx_word' id='word_1_107' title='bbox 398 2040 472 2112; x_wconf 88' lang='lat' dir='ltr'><em>in</em></span> <span class='ocrx_word' id='word_1_108' title='bbox 523 2041 772 2138; x_wconf 86' lang='lat' dir='ltr'><em>papali</em></span> <span class='ocrx_word' id='word_1_109' title='bbox 819 2063 1148 2133; x_wconf 57' lang='lat' dir='ltr'><em>camera7</em></span> <span class='ocrx_word' id='word_1_110' title='bbox 1204 2039 1516 2113; x_wconf 89' lang='lat' dir='ltr'><em>consilio</em></span> <span class='ocrx_word' id='word_1_111' title='bbox 1556 2040 1783 2136; x_wconf 80' lang='lat' dir='ltr'><em>longo</em></span> <span class='ocrx_word' id='word_1_112' title='bbox 1824 2062 1907 2111; x_wconf 89' lang='lat' dir='ltr'><em>se</em></span> <span class='ocrx_word' id='word_1_113' title='bbox 1945 2051 2259 2112; x_wconf 88' lang='lat' dir='ltr'><em>tenuere</em></span> <span class='ocrx_word' id='word_1_114' title='bbox 2296 2040 2457 2135; x_wconf 80' lang='lat' dir='ltr'><em>diu3</em></span> <span class='ocrx_word' id='word_1_115' title='bbox 2513 2049 2589 2113; x_wconf 87' lang='lat' dir='ltr'><em>et</em></span> 
     </span>
     <span class='ocr_line' id='line_1_17' title="bbox 398 2138 2584 2237; baseline -0.001 -24"><span class='ocrx_word' id='word_1_116' title='bbox 398 2140 518 2213; x_wconf 88' lang='lat' dir='ltr'><em>die</em></span> <span class='ocrx_word' id='word_1_117' title='bbox 554 2139 731 2211; x_wconf 86' lang='lat' dir='ltr'><em>lune</em></span> <span class='ocrx_word' id='word_1_118' title='bbox 771 2138 1115 2235; x_wconf 83' lang='lat' dir='ltr'><em>sequenti</em></span> <span class='ocrx_word' id='word_1_119' title='bbox 1156 2163 1325 2211; x_wconf 91' lang='lat' dir='ltr'><em>cum</em></span> <span class='ocrx_word' id='word_1_120' title='bbox 1364 2139 1603 2235; x_wconf 84' lang='lat' dir='ltr'><em>gratia</em></span> <span class='ocrx_word' id='word_1_121' title='bbox 1644 2163 1839 2237; x_wconf 90' lang='lat' dir='ltr'><em>pape</em></span> <span class='ocrx_word' id='word_1_122' title='bbox 1870 2149 1943 2212; x_wconf 88' lang='lat' dir='ltr'><em>et</em></span> <span class='ocrx_word' id='word_1_123' title='bbox 1974 2139 2461 2212; x_wconf 86' lang='lat' dir='ltr'><em>cardinalium</em></span> <span class='ocrx_word' id='word_1_124' title='bbox 2492 2142 2584 2211; x_wconf 87' lang='lat' dir='ltr'><em>ad</em></span> 
     </span>
     <span class='ocr_line' id='line_1_18' title="bbox 401 2239 2589 2313; baseline 0 -2"><span class='ocrx_word' id='word_1_125' title='bbox 401 2249 652 2312; x_wconf 83' lang='lat' dir='ltr'><em>castra</em></span> <span class='ocrx_word' id='word_1_126' title='bbox 689 2263 1042 2311; x_wconf 88' lang='lat' dir='ltr'><em>reversus</em></span> <span class='ocrx_word' id='word_1_127' title='bbox 1085 2250 1220 2311; x_wconf 89' lang='lat' dir='ltr'><em>est.</em></span> <span class='ocrx_word' id='word_1_128' title='bbox 1294 2240 1502 2312; x_wconf 89' lang='lat' dir='ltr'><em>Tunc</em></span> <span class='ocrx_word' id='word_1_129' title='bbox 1540 2239 1849 2311; x_wconf 87' lang='lat' dir='ltr'><em>Iohanni</em></span> <span class='ocrx_word' id='word_1_130' title='bbox 1886 2243 1978 2312; x_wconf 88' lang='lat' dir='ltr'><em>de</em></span> <span class='ocrx_word' id='word_1_131' title='bbox 2017 2240 2173 2313; x_wconf 90' lang='lat' dir='ltr'><em>Poli</em></span> <span class='ocrx_word' id='word_1_132' title='bbox 2212 2240 2589 2313; x_wconf 83' lang='lat' dir='ltr'><em>concessit</em></span> 
     </span>
     <span class='ocr_line' id='line_1_19' title="bbox 403 2340 2589 2437; baseline 0 -24"><span class='ocrx_word' id='word_1_133' title='bbox 403 2340 842 2413; x_wconf 86' lang='lat' dir='ltr'><em>comitatum</em></span> <span class='ocrx_word' id='word_1_134' title='bbox 909 2343 999 2412; x_wconf 90' lang='lat' dir='ltr'><em>de</em></span> <span class='ocrx_word' id='word_1_135' title='bbox 1055 2340 1240 2412; x_wconf 86' lang='lat' dir='ltr'><em>Albe</em></span> <span class='ocrx_word' id='word_1_136' title='bbox 1311 2349 1618 2437; x_wconf 88' lang='lat' dir='ltr'><em>propter</em></span> <span class='ocrx_word' id='word_1_137' title='bbox 1686 2340 2061 2413; x_wconf 87' lang='lat' dir='ltr'><em>civitatem</em></span> <span class='ocrx_word' id='word_1_138' title='bbox 2124 2341 2589 2437; x_wconf 77' lang='lat' dir='ltr'><em>Fundanam,</em></span> 
     </span>
     <span class='ocr_line' id='line_1_20' title="bbox 400 2440 2589 2542; baseline 0.001 -29"><span class='ocrx_word' id='word_1_139' title='bbox 400 2467 627 2541; x_wconf 89' lang='lat' dir='ltr'><em>quam</em></span> <span class='ocrx_word' id='word_1_140' title='bbox 657 2441 962 2515; x_wconf 91' lang='lat' dir='ltr'><em>abstulit</em></span> <span class='ocrx_word' id='word_1_141' title='bbox 990 2440 1085 2538; x_wconf 71' lang='lat' dir='ltr'><em>ei,</em></span> <span class='ocrx_word' id='word_1_142' title='bbox 1126 2452 1198 2514; x_wconf 89' lang='lat' dir='ltr'><em>et</em></span> <span class='ocrx_word' id='word_1_143' title='bbox 1225 2441 1539 2514; x_wconf 84' lang='lat' dir='ltr'><em>reddidit</em></span> <span class='ocrx_word' id='word_1_144' title='bbox 1569 2467 1738 2515; x_wconf 89' lang='lat' dir='ltr'><em>eam</em></span> <span class='ocrx_word' id='word_1_145' title='bbox 1768 2440 2146 2540; x_wconf 84' lang='lat' dir='ltr'><em>Roggerio</em></span> <span class='ocrx_word' id='word_1_146' title='bbox 2177 2444 2269 2516; x_wconf 88' lang='lat' dir='ltr'><em>de</em></span> <span class='ocrx_word' id='word_1_147' title='bbox 2296 2442 2589 2542; x_wconf 72' lang='lat' dir='ltr'><em>Aquila,</em></span> 
     </span>
     <span class='ocr_line' id='line_1_21' title="bbox 401 2544 2590 2618; baseline 0.001 -4"><span class='ocrx_word' id='word_1_148' title='bbox 401 2567 571 2615; x_wconf 90' lang='lat' dir='ltr'><em>cum</em></span> <span class='ocrx_word' id='word_1_149' title='bbox 591 2553 746 2615; x_wconf 89' lang='lat' dir='ltr'><em>toto</em></span> <span class='ocrx_word' id='word_1_150' title='bbox 765 2545 1122 2617; x_wconf 88' lang='lat' dir='ltr'><em>Fundano</em></span> <span class='ocrx_word' id='word_1_151' title='bbox 1155 2544 1531 2616; x_wconf 87' lang='lat' dir='ltr'><em>comitatu.</em></span> <span class='ocrx_word' id='word_1_152' title='bbox 1588 2544 1798 2616; x_wconf 90' lang='lat' dir='ltr'><em>Tunc</em></span> <span class='ocrx_word' id='word_1_153' title='bbox 1827 2545 2052 2616; x_wconf 87' lang='lat' dir='ltr'><em>etiam</em></span> <span class='ocrx_word' id='word_1_154' title='bbox 2084 2548 2314 2618; x_wconf 87' lang='lat' dir='ltr'><em>abhas</em></span> <span class='ocrx_word' id='word_1_155' title='bbox 2336 2544 2590 2618; x_wconf 87' lang='lat' dir='ltr'><em>Sancti</em></span> 
     </span>
     <span class='ocr_line' id='line_1_22' title="bbox 401 2643 2589 2758; baseline 0.001 -45"><span class='ocrx_word' id='word_1_156' title='bbox 401 2643 772 2716; x_wconf 89' lang='lat' dir='ltr'><em>Vincentii</em></span> <span class='ocrx_word' id='word_1_157' title='bbox 837 2654 911 2714; x_wconf 88' lang='lat' dir='ltr'><em>et</em></span> <span class='ocrx_word' id='word_1_158' title='bbox 964 2643 1229 2740; x_wconf 87' lang='lat' dir='ltr'><em>prelati</em></span> <span class='ocrx_word' id='word_1_159' title='bbox 1284 2645 1405 2740; x_wconf 91' lang='lat' dir='ltr'><em>qui</em></span> <span class='ocrx_word' id='word_1_160' title='bbox 1461 2643 1895 2758; x_wconf 79' lang='lat' dir='ltr'><em>imperatori</em></span> <span class='ocrx_word' id='word_1_161' title='bbox 1953 2645 2407 2720; x_wconf 84' lang='lat' dir='ltr'><em>adherentes</em></span> <span class='ocrx_word' id='word_1_162' title='bbox 2464 2670 2589 2718; x_wconf 86' lang='lat' dir='ltr'><em>ex-</em></span> 
     </span>
    </p>

    <p class='ocr_par' dir='ltr' id='par_1_7' title="bbox 403 2743 2588 2942">
     <span class='ocr_line' id='line_1_23' title="bbox 403 2743 2588 2843; baseline 0 -26"><span class='ocrx_word' id='word_1_163' title='bbox 403 2743 932 2817; x_wconf 90' lang='lat' dir='ltr'><em>communicati</em></span> <span class='ocrx_word' id='word_1_164' title='bbox 972 2744 1292 2839; x_wconf 83' lang='lat' dir='ltr'><em>fuerant</em></span> <span class='ocrx_word' id='word_1_165' title='bbox 1347 2746 1437 2815; x_wconf 87' lang='lat' dir='ltr'><em>ad</em></span> <span class='ocrx_word' id='word_1_166' title='bbox 1474 2768 1744 2841; x_wconf 77' lang='lat' dir='ltr'><em>pieces</em></span> <span class='ocrx_word' id='word_1_167' title='bbox 1783 2745 2257 2840; x_wconf 88' lang='lat' dir='ltr'><em>imperatoris</em></span> <span class='ocrx_word' id='word_1_168' title='bbox 2311 2771 2353 2818; x_wconf 91' lang='lat' dir='ltr'><em>a</em></span> <span class='ocrx_word' id='word_1_169' title='bbox 2391 2770 2588 2843; x_wconf 85' lang='lat' dir='ltr'><em>papa</em></span> 
     </span>
     <span class='ocr_line' id='line_1_24' title="bbox 403 2841 2594 2956; baseline 0 -39"><span class='ocrx_word' id='word_1_170' title='bbox 403 2844 720 2921; x_wconf 85' lang='lat' dir='ltr'><em>absoluti</em></span> <span class='ocrx_word' id='word_1_171' title='bbox 763 2841 958 2917; x_wconf 87' lang='lat' dir='ltr'><em>sunt.</em></span> <span class='ocrx_word' id='word_1_172' title='bbox 1043 2844 1462 2956; x_wconf 78' lang='lat' dir='ltr'><em>Imperator</em></span> <span class='ocrx_word' id='word_1_173' title='bbox 1497 2869 1539 2915; x_wconf 89' lang='lat' dir='ltr'><em>a</em></span> <span class='ocrx_word' id='word_1_174' title='bbox 1578 2869 1770 2942; x_wconf 89' lang='lat' dir='ltr'><em>papa</em></span> <span class='ocrx_word' id='word_1_175' title='bbox 1810 2844 2207 2917; x_wconf 87' lang='lat' dir='ltr'><em>discedens</em></span> <span class='ocrx_word' id='word_1_176' title='bbox 2246 2846 2363 2921; x_wconf 91' lang='lat' dir='ltr'><em>die</em></span> <span class='ocrx_word' id='word_1_177' title='bbox 2400 2845 2594 2918; x_wconf 84' lang='lat' dir='ltr'><em>Mer-</em></span> 
     </span>
    </p>

    <p class='ocr_par' dir='ltr' id='par_1_8' title="bbox 387 2943 2593 3248">
     <span class='ocr_line' id='line_1_25' title="bbox 387 2943 2593 3043; baseline 0 -26"><span class='ocrx_word' id='word_1_178' title='bbox 387 2946 613 3040; x_wconf 67' lang='lat' dir='ltr'><em>curii,</em></span> <span class='ocrx_word' id='word_1_179' title='bbox 669 2943 1022 3042; x_wconf 87' lang='lat' dir='ltr'><em>applicuit</em></span> <span class='ocrx_word' id='word_1_180' title='bbox 1071 2943 1212 3017; x_wconf 85' lang='lat' dir='ltr'><em>die</em></span> <span class='ocrx_word' id='word_1_181' title='bbox 1238 2944 1435 3018; x_wconf 90' lang='lat' dir='ltr'><em>Iovis</em></span> <span class='ocrx_word' id='word_1_182' title='bbox 1489 2955 1671 3043; x_wconf 90' lang='lat' dir='ltr'><em>aput</em></span> <span class='ocrx_word' id='word_1_183' title='bbox 1706 2945 2063 3019; x_wconf 88' lang='lat' dir='ltr'><em>Sanctum</em></span> <span class='ocrx_word' id='word_1_184' title='bbox 2106 2945 2593 3040; x_wconf 70' lang='lat' dir='ltr'><em>Germanum,</em></span> 
     </span>
     <span class='ocr_line' id='line_1_26' title="bbox 403 3045 2593 3143; baseline 0.001 -26"><span class='ocrx_word' id='word_1_185' title='bbox 403 3046 723 3143; x_wconf 87' lang='lat' dir='ltr'><em>indeque</em></span> <span class='ocrx_word' id='word_1_186' title='bbox 775 3046 1173 3119; x_wconf 88' lang='lat' dir='ltr'><em>discedens</em></span> <span class='ocrx_word' id='word_1_187' title='bbox 1224 3055 1397 3143; x_wconf 88' lang='lat' dir='ltr'><em>post</em></span> <span class='ocrx_word' id='word_1_188' title='bbox 1435 3045 1855 3143; x_wconf 72' lang='lat' dir='ltr'><em>prandium,</em></span> <span class='ocrx_word' id='word_1_189' title='bbox 1909 3049 2047 3120; x_wconf 91' lang='lat' dir='ltr'><em>sub</em></span> <span class='ocrx_word' id='word_1_190' title='bbox 2087 3047 2468 3120; x_wconf 89' lang='lat' dir='ltr'><em>celeritate</em></span> <span class='ocrx_word' id='word_1_191' title='bbox 2507 3072 2593 3120; x_wconf 89' lang='lat' dir='ltr'><em>se</em></span> 
     </span>
     <span class='ocr_line' id='line_1_27' title="bbox 405 3145 2595 3248; baseline -0 -28"><span class='ocrx_word' id='word_1_192' title='bbox 405 3148 739 3245; x_wconf 87' lang='lat' dir='ltr'><em>Capuam</em></span> <span class='ocrx_word' id='word_1_193' title='bbox 783 3145 1116 3238; x_wconf 88' lang='lat' dir='ltr'><em>contulit</em></span> <span class='ocrx_word' id='word_1_194' title='bbox 1170 3146 1435 3220; x_wconf 86' lang='lat' dir='ltr'><em>exinde</em></span> <span class='ocrx_word' id='word_1_195' title='bbox 1475 3169 1741 3220; x_wconf 85' lang='lat' dir='ltr'><em>versus</em></span> <span class='ocrx_word' id='word_1_196' title='bbox 1779 3147 2185 3245; x_wconf 89' lang='lat' dir='ltr'><em>Melphiam</em></span> <span class='ocrx_word' id='word_1_197' title='bbox 2222 3149 2595 3248; x_wconf 84' lang='lat' dir='ltr'><em>profectu-</em></span> 
     </span>
    </p>

    <p class='ocr_par' dir='ltr' id='par_1_9' title="bbox 405 3247 2597 3446">
     <span class='ocr_line' id='line_1_28' title="bbox 407 3247 2597 3347; baseline 0.001 -29"><span class='ocrx_word' id='word_1_198' title='bbox 407 3271 558 3320; x_wconf 91' lang='lat' dir='ltr'><em>rus.</em></span> <span class='ocrx_word' id='word_1_199' title='bbox 630 3247 788 3318; x_wconf 88' lang='lat' dir='ltr'><em>Rex</em></span> <span class='ocrx_word' id='word_1_200' title='bbox 826 3247 1532 3320; x_wconf 88' lang='lat' dir='ltr'><em>Thessalonicensis</em></span> <span class='ocrx_word' id='word_1_201' title='bbox 1572 3247 1749 3320; x_wconf 91' lang='lat' dir='ltr'><em>obiit</em></span> <span class='ocrx_word' id='word_1_202' title='bbox 1784 3248 2131 3347; x_wconf 87' lang='lat' dir='ltr'><em>Melphie.</em></span> <span class='ocrx_word' id='word_1_203' title='bbox 2210 3249 2480 3321; x_wconf 87' lang='lat' dir='ltr'><em>Prelati</em></span> <span class='ocrx_word' id='word_1_204' title='bbox 2520 3259 2597 3321; x_wconf 90' lang='lat' dir='ltr'><em>et</em></span> 
     </span>
     <span class='ocr_line' id='line_1_29' title="bbox 405 3346 1975 3446; baseline 0.001 -28"><span class='ocrx_word' id='word_1_205' title='bbox 405 3346 782 3446; x_wconf 88' lang='lat' dir='ltr'><em>principes</em></span> <span class='ocrx_word' id='word_1_206' title='bbox 818 3346 1320 3419; x_wconf 89' lang='lat' dir='ltr'><em>Alamannie</em></span> <span class='ocrx_word' id='word_1_207' title='bbox 1300 3372 1375 3418; x_wconf 79' lang='lat' dir='ltr'><em>ln</em></span> <span class='ocrx_word' id='word_1_208' title='bbox 1415 3370 1553 3419; x_wconf 89' lang='lat' dir='ltr'><em>sua</em></span> <span class='ocrx_word' id='word_1_209' title='bbox 1592 3351 1975 3420; x_wconf 87' lang='lat' dir='ltr'><em>recedunt.</em></span> 
     </span>
    </p>

    <p class='ocr_par' dir='ltr' id='par_1_10' title="bbox 408 3446 2594 3649">
     <span class='ocr_line' id='line_1_30' title="bbox 556 3446 2594 3547; baseline 0.001 -29"><span class='ocrx_word' id='word_1_210' title='bbox 556 3446 1045 3519; x_wconf 86' lang='lat' dir='ltr'><em>Belvacensis</em></span> <span class='ocrx_word' id='word_1_211' title='bbox 1099 3447 1528 3547; x_wconf 71' lang='lat' dir='ltr'><em>episcopus,</em></span> <span class='ocrx_word' id='word_1_212' title='bbox 1585 3448 1706 3546; x_wconf 89' lang='lat' dir='ltr'><em>qui</em></span> <span class='ocrx_word' id='word_1_213' title='bbox 1760 3450 1851 3522; x_wconf 88' lang='lat' dir='ltr'><em>de</em></span> <span class='ocrx_word' id='word_1_214' title='bbox 1895 3449 2132 3522; x_wconf 89' lang='lat' dir='ltr'><em>Gallia</em></span> <span class='ocrx_word' id='word_1_215' title='bbox 2172 3459 2486 3522; x_wconf 87' lang='lat' dir='ltr'><em>venerat</em></span> <span class='ocrx_word' id='word_1_216' title='bbox 2522 3449 2594 3520; x_wconf 90' lang='lat' dir='ltr'><em>in</em></span> 
     </span>
     <span class='ocr_line' id='line_1_31' title="bbox 408 3545 2596 3649; baseline 0 -30"><span class='ocrx_word' id='word_1_217' title='bbox 408 3545 762 3624; x_wconf 89' lang='lat' dir='ltr'><em>auxilium</em></span> <span class='ocrx_word' id='word_1_218' title='bbox 821 3547 1168 3643; x_wconf 87' lang='lat' dir='ltr'><em>ecclesie.</em></span> <span class='ocrx_word' id='word_1_219' title='bbox 1222 3571 1360 3646; x_wconf 89' lang='lat' dir='ltr'><em>per</em></span> <span class='ocrx_word' id='word_1_220' title='bbox 1405 3573 1680 3647; x_wconf 87' lang='lat' dir='ltr'><em>papam</em></span> <span class='ocrx_word' id='word_1_221' title='bbox 1737 3551 1881 3622; x_wconf 87' lang='lat' dir='ltr'><em>dux</em></span> <span class='ocrx_word' id='word_1_222' title='bbox 1920 3549 2203 3649; x_wconf 85' lang='lat' dir='ltr'><em>Spoleti</em></span> <span class='ocrx_word' id='word_1_223' title='bbox 2258 3548 2596 3622; x_wconf 87' lang='lat' dir='ltr'><em>efficitur.</em></span> 
     </span>
    </p>

    <p class='ocr_par' dir='ltr' id='par_1_11' title="bbox 409 3648 2598 3921">
     <span class='ocr_line' id='line_1_32' title="bbox 561 3648 2598 3746; baseline 0 -27"><span class='ocrx_word' id='word_1_224' title='bbox 561 3648 987 3741; x_wconf 86' lang='lat' dir='ltr'><em>Raynaldus</em></span> <span class='ocrx_word' id='word_1_225' title='bbox 1026 3652 1173 3721; x_wconf 86' lang='lat' dir='ltr'><em>dux</em></span> <span class='ocrx_word' id='word_1_226' title='bbox 1206 3648 1489 3746; x_wconf 85' lang='lat' dir='ltr'><em>Spoleti</em></span> <span class='ocrx_word' id='word_1_227' title='bbox 1532 3649 1732 3723; x_wconf 88' lang='lat' dir='ltr'><em>vadit</em></span> <span class='ocrx_word' id='word_1_228' title='bbox 1751 3652 2274 3746; x_wconf 65' lang='lat' dir='ltr'><em>-Introducurm</em></span> <span class='ocrx_word' id='word_1_229' title='bbox 2312 3651 2432 3723; x_wconf 85' lang='lat' dir='ltr'><em>ubi</em></span> <span class='ocrx_word' id='word_1_230' title='bbox 2472 3650 2598 3721; x_wconf 88' lang='lat' dir='ltr'><em>ali-</em></span> 
     </span>
     <span class='ocr_line' id='line_1_33' title="bbox 411 3747 2596 3864; baseline 0.001 -46"><span class='ocrx_word' id='word_1_231' title='bbox 411 3747 764 3844; x_wconf 89' lang='lat' dir='ltr'><em>quamdiu</em></span> <span class='ocrx_word' id='word_1_232' title='bbox 795 3772 1082 3820; x_wconf 84' lang='lat' dir='ltr'><em>moram</em></span> <span class='ocrx_word' id='word_1_233' title='bbox 1111 3748 1482 3846; x_wconf 46' lang='lat' dir='ltr'><em>facienss</em></span> <span class='ocrx_word' id='word_1_234' title='bbox 1463 3775 1536 3821; x_wconf 78' lang='lat' dir='ltr'><em>in</em></span> <span class='ocrx_word' id='word_1_235' title='bbox 1566 3750 1911 3848; x_wconf 91' lang='lat' dir='ltr'><em>Apuliam</em></span> <span class='ocrx_word' id='word_1_236' title='bbox 1942 3753 2034 3822; x_wconf 89' lang='lat' dir='ltr'><em>ad</em></span> <span class='ocrx_word' id='word_1_237' title='bbox 2065 3751 2596 3864; x_wconf 85' lang='lat' dir='ltr'><em>imperatorem</em></span> 
     </span>
     <span class='ocr_line' id='line_1_34' title="bbox 409 3849 618 3921; baseline 0 -1"><span class='ocrx_word' id='word_1_238' title='bbox 409 3849 618 3921; x_wconf 87' lang='lat' dir='ltr'><em>redit.</em></span> 
     </span>
    </p>

    <p class='ocr_par' dir='ltr' id='par_1_12' title="bbox 391 3949 2600 4343">
     <span class='ocr_line' id='line_1_35' title="bbox 560 3949 2594 4049; baseline 0.001 -29"><span class='ocrx_word' id='word_1_239' title='bbox 560 3950 822 4022; x_wconf 89' lang='lat' dir='ltr'><em>Mense</em></span> <span class='ocrx_word' id='word_1_240' title='bbox 875 3949 1317 4024; x_wconf 86' lang='lat' dir='ltr'><em>Novembris</em></span> <span class='ocrx_word' id='word_1_241' title='bbox 1373 3950 1783 4048; x_wconf 81' lang='lat' dir='ltr'><em>Gregorius</em></span> <span class='ocrx_word' id='word_1_242' title='bbox 1843 3975 2036 4049; x_wconf 86' lang='lat' dir='ltr'><em>papa</em></span> <span class='ocrx_word' id='word_1_243' title='bbox 2101 3960 2499 4023; x_wconf 89' lang='lat' dir='ltr'><em>revocatus</em></span> <span class='ocrx_word' id='word_1_244' title='bbox 2555 3974 2594 4022; x_wconf 89' lang='lat' dir='ltr'><em>a</em></span> 
     </span>
     <span class='ocr_line' id='line_1_36' title="bbox 415 4049 2600 4148; baseline 0 -27"><span class='ocrx_word' id='word_1_245' title='bbox 415 4060 767 4122; x_wconf 87' lang='lat' dir='ltr'><em>senatore</em></span> <span class='ocrx_word' id='word_1_246' title='bbox 818 4049 1008 4124; x_wconf 89' lang='lat' dir='ltr'><em>redit</em></span> <span class='ocrx_word' id='word_1_247' title='bbox 1060 4053 1150 4123; x_wconf 89' lang='lat' dir='ltr'><em>ad</em></span> <span class='ocrx_word' id='word_1_248' title='bbox 1201 4051 1500 4125; x_wconf 82' lang='lat' dir='ltr'><em>Urbem.</em></span> <span class='ocrx_word' id='word_1_249' title='bbox 1606 4051 1887 4124; x_wconf 89' lang='lat' dir='ltr'><em>Eodem</em></span> <span class='ocrx_word' id='word_1_250' title='bbox 1930 4075 2195 4124; x_wconf 90' lang='lat' dir='ltr'><em>mense</em></span> <span class='ocrx_word' id='word_1_251' title='bbox 2234 4050 2600 4148; x_wconf 80' lang='lat' dir='ltr'><em>magister</em></span> 
     </span>
     <span class='ocr_line' id='line_1_37' title="bbox 414 4148 2598 4250; baseline 0 -29"><span class='ocrx_word' id='word_1_252' title='bbox 414 4148 854 4224; x_wconf 88' lang='lat' dir='ltr'><em>Guilielmus</em></span> <span class='ocrx_word' id='word_1_253' title='bbox 912 4154 1004 4224; x_wconf 90' lang='lat' dir='ltr'><em>de</em></span> <span class='ocrx_word' id='word_1_254' title='bbox 1041 4149 1318 4224; x_wconf 88' lang='lat' dir='ltr'><em>Sancto</em></span> <span class='ocrx_word' id='word_1_255' title='bbox 1358 4152 1737 4225; x_wconf 89' lang='lat' dir='ltr'><em>Germano</em></span> <span class='ocrx_word' id='word_1_256' title='bbox 1777 4151 2027 4225; x_wconf 88' lang='lat' dir='ltr'><em>domni</em></span> <span class='ocrx_word' id='word_1_257' title='bbox 2067 4175 2264 4250; x_wconf 89' lang='lat' dir='ltr'><em>pape</em></span> <span class='ocrx_word' id='word_1_258' title='bbox 2304 4151 2598 4250; x_wconf 89' lang='lat' dir='ltr'><em>cappel-</em></span> 
     </span>
     <span class='ocr_line' id='line_1_38' title="bbox 391 4273 690 4343; baseline 0.003 -15"><span class='ocrx_word' id='word_1_259' title='bbox 391 4278 462 4343; x_wconf 75' lang='lat' dir='ltr'><em>a)</em></span> <span class='ocrx_word' id='word_1_260' title='bbox 502 4273 611 4329; x_wconf 70' lang='lat' dir='ltr'><em>Dat</em></span> <span class='ocrx_word' id='word_1_261' title='bbox 645 4291 690 4330; x_wconf 91' lang='lat' dir='ltr'><em>c.</em></span> 
     </span>
    </p>
   </div>
  </div>
 </body>
</html>
