3050 4900
1236 433 1317 504 A.
1382 435 1593 549 1229.
1890 470 1896 477 ·
2426 439 2523 510 89

332 634 660 734 per-aton
718 642 1290 748 representant
1359 632 1595 731 pridie
1658 642 1833 705 ante
1898 635 2175 705 exitum
2236 635 2524 708 mensis

331 734 779 809 Novembris
819 739 911 808 ad
950 735 1196 831 ipsum
1239 733 1336 804 im
1399 744 1775 805 eratorem
1816 744 2201 806 venerunt.

485 831 694 908 Tunc
748 834 977 908 etiam
1027 834 1274 907 littere
1356 845 1522 907 acte
1577 844 1751 907 sunt
1802 858 1941 931 per
1988 836 2523 933 imperatorem

331 938 425 1009 de
475 936 930 1009 remissione
985 936 1318 1028 offense,
1388 935 1448 1007 si
1504 958 1731 1047 quam
1787 938 2017 1021 abbas
2072 938 2358 1008 fecerat
2406 937 2527 1008 vel

231 1124 237 1133 .
334 1037 682 1109 monachi
723 1034 1183 1112 Casinenses
1245 1046 1413 1133 post
1463 1036 1657 1107 inter
1694 1034 1943 1133 ipsum
1985 1046 2058 1107 et
2096 1061 2373 1135 papam
2412 1062 2526 1109 or-

337 1147 490 1209 tam
533 1134 1006 1211 discordiam.
1095 1136 1183 1209 Et
1220 1136 1466 1208 littere
1505 1136 1651 1209 alie
1688 1139 1779 1209 ad
1819 1136 2167 1210 homines
2207 1137 2547 1234 abbatie5

334 1248 414 1309 ut
465 1238 658 1311 sicut
697 1238 914 1337 prius
971 1236 1217 1311 abbati
1274 1247 1349 1309 et
1403 1236 1798 1309 monachis
1839 1238 2374 1311 Casinensibus
2414 1262 2525 1311 re-

335 1343 756 1435 spondeant
794 1350 867 1411 et
896 1338 1305 1411 intendant.
1364 1337 1673 1410 Terram
1708 1348 1939 1415 totam
1974 1349 2047 1410 et
2073 1338 2237 1411 loca
2267 1363 2526 1411 mona-

335 1438 540 1511 sterii
593 1439 1044 1537 ubicumque
1096 1462 1233 1537 per
1282 1461 1603 1534 regnum
1656 1439 1897 1535 posita
1935 1439 2096 1511 Deo
2147 1450 2220 1511 et
2256 1444 2523 1513 beato⁸

330 1539 734 1612 Benedicto
772 1539 1116 1613 restituit.

483 1640 741 1713 Dictus
773 1638 1222 1713 Albanensis
1263 1638 1664 1737 episcopus
1706 1634 2014 1711 consilio
2056 1650 2127 1711 et
2166 1640 2523 1713 suasione

333 1739 694 1813 dictorum
769 1739 1165 1813 cardinalis
1240 1750 1314 1811 et
1376 1740 1717 1853 magistri
1782 1743 2048 1813 domus
2114 1740 2522 1838 Hospitalis

333 1840 936 1937 Teutonicorum⁷
988 1840 1472 1954 permittente
1523 1841 2023 1938 imperatore,
2078 1864 2251 1912 cum
2301 1842 2521 1939 Aqui·

333 1952 506 2013 nate
571 1953 647 2015 et
693 1942 1205 2040 Aliphanense
1260 1940 1682 2038 episcopm,
1750 1952 1828 2014 et
1887 1965 2057 2013 cum
2114 1944 2522 2054 Campanis

333 2040 684 2115 militibus
738 2042 861 2140 qui
901 2067 984 2114 se
1024 2066 1193 2115 cum
1231 2040 1396 2138 ipso
1435 2041 1841 2114 Albanensi
1881 2041 2237 2139 episcopo
2275 2068 2349 2113 m
2390 2045 2523 2117 Ca-

333 2142 498 2216 sino
537 2153 1010 2239 receperant.
1064 2141 1252 2214 salvi
1291 2152 1605 2236 exeunt3
1662 2152 1737 2213 et
1771 2152 1949 2213 tunc
1986 2142 2354 2213 reddidit
2335 2144 2521 2256 ipsis

334 2242 714 2340 episcopis
754 2266 971 2315 suam
1010 2240 1327 2338 gratiam
1368 2240 1803 2339 imperator,
1858 2250 1932 2313 et
1974 2244 2521 2315 monasterium

335 2367 424 2414 ac
476 2352 627 2415 tota
686 2352 883 2415 terra
941 2366 1076 2415 sua
1133 2366 1310 2414 cure
1351 2342 1839 2414 committitur
1874 2342 2211 2439 magistri
2250 2346 2519 2417 domus

333 2444 919 2518 Alamannorum
957 2441 1304 2542 predicti3
1359 2443 1481 2542 qui
1540 2446 1915 2542 quendam
1972 2446 2063 2516 de
2122 2446 2344 2517 domo
2382 2471 2519 2519 sua

332 2543 642 2618 fratrem
679 2545 1151 2618 Leonardum
1193 2555 1759 2644 procuratorem
1799 2545 2179 2618 constituit
2217 2546 2521 2620 nomine

333 2669 470 2717 suo
511 2670 747 2744 usque
787 2649 878 2718 ad
916 2646 1233 2718 reditum
1275 2671 1492 2717 suum
1536 2650 1627 2718 ab
1660 2647 1878 2719 Urbe.
1942 2647 2051 2720 Ad
2092 2671 2317 2742 quam
2355 2647 2521 2745 ipse

333 2745 700 2842 magister
752 2748 1019 2818 domus
1076 2745 1657 2818 Teutonicorum
1712 2746 1983 2817 iterum
2048 2747 2252 2818 vadit
2309 2747 2523 2840 iussu

333 2847 810 2944 imperatoris
853 2871 996 2918 una
1031 2867 1200 2919 cum
1231 2845 1638 2918 Albanensi
1670 2846 2026 2942 episcopo
2059 2871 2192 2943 pro
2225 2847 2522 2943 quibus·

333 2949 505 3020 dam
563 2947 943 3046 capitulis,
997 2970 1132 3044 pro
1185 2946 1450 3044 quibus
1501 2945 1979 3045 interipsum
2019 2956 2099 3019 et
2131 2947 2518 3024 dominum

332 3069 604 3146 papam
648 3047 1015 3122 discordia
1057 3057 1237 3120 erat.

481 3145 689 3221 Tunc
740 3149 809 3221 in
849 3145 1172 3220 Venafro
1211 3141 1472 3221 Sernia
1519 3157 1595 3219 et
1630 3143 1883 3219 Teano
1922 3141 2355 3244 pecuniarie
2395 3169 2519 3222 ex·

335 3247 670 3321 actiones
699 3248 912 3346 fiunt
943 3250 1398 3347 imperatore
1429 3251 1857 3320 mandante.
1920 3249 2002 3319 In
2031 3247 2305 3321 Sancto
2338 3249 2518 3322 Ger-

334 3371 557 3422 mano
613 3360 688 3421 et
739 3374 874 3448 per
925 3359 1158 3421 totam
1210 3348 1583 3422 abbatiam
1622 3372 1918 3419 annona
1960 3372 2092 3445 pro
2134 3350 2344 3447 equis
2383 3350 2519 3423 im-

339 3449 704 3546 peratoris
755 3449 1076 3546 exigitur
1130 3474 1172 3522 a
1220 3447 1657 3521 camerariis
1696 3449 2055 3522 ordinatis
2097 3454 2189 3523 ab
2228 3475 2345 3522 eo.
2401 3476 2521 3524 su-

333 3550 586 3646 perius
646 3507 1075 3646 nominssatis⁷
1129 3554 1220 3624 ab
1269 3548 1645 3622 universis
1702 3550 1989 3622 cleiicis
2042 3562 2239 3624 terre
2279 3547 2523 3624 sancti

331 3648 736 3722 Benedicti.

483 3751 846 3847 Magister
881 3747 1208 3824 Thomas
1254 3750 1651 3823 cardinalis
1691 3750 1782 3822 de
1824 3751 2101 3823 Sancto
2140 3750 2517 3823 Germano

334 3875 418 3924 se
485 3875 838 3946 movenS,
910 3852 1114 3924 vadit
1166 3851 1553 3924 Suessam.
1660 3851 2075 3949 Imperator
2139 3852 2519 3924 contendit

335 3953 699 4050 Capuam,
754 3951 875 4024 ubi
923 3975 1094 4024 cum
1133 3951 1416 4048 ingenti
1457 3950 1732 4048 gaudio
1772 3952 2021 4025 natale
2061 3952 2356 4024 Domini
2398 3975 2516 4026 ce-

331 4055 589 4131 lebrat.
695 4053 784 4125 Et
834 4062 1012 4123 tunc
1068 4052 1338 4125 multos
1395 4055 1486 4124 de
1538 4053 1751 4145 Sora,
1804 4053 1927 4148 qui
1986 4053 2256 4150 captivi
2312 4064 2519 4126 tene-

329 4164 597 4234 bantur
631 4153 932 4247 ibidem7
974 4176 1110 4226 sue
1149 4152 1460 4225 reddidit
1495 4153 1837 4225 libertati.

326 4283 374 4355 a)
419 4283 486 4338 n.
535 4286 582 4339 ι.
1978 4357 1991 4364 η

1967 4367 2008 4433 7
