<?xml version="1.0" encoding="UTF-8"?>
<!DOCTYPE html PUBLIC "-//W3C//DTD XHTML 1.0 Transitional//EN"
    "http://www.w3.org/TR/xhtml1/DTD/xhtml1-transitional.dtd">
<html xmlns="http://www.w3.org/1999/xhtml" xml:lang="en" lang="en">
 <head>
  <title>
</title>
<meta http-equiv="Content-Type" content="text/html;charset=utf-8" />
  <meta name='ocr-system' content='tesseract 3.04.00' />
  <meta name='ocr-capabilities' content='ocr_page ocr_carea ocr_par ocr_line ocrx_word'/>
</head>
<body>
  <div class='ocr_page' id='page_1' title='image "./ryccardidesanct01pertgoog_0119.png"; bbox 0 0 3050 4900; ppageno 0'>
   <div class='ocr_carea' id='block_1_1' title="bbox 1282 468 2564 541">
    <p class='ocr_par' dir='ltr' id='par_1_1' title="bbox 1282 468 2564 541">
     <span class='ocr_line' id='line_1_1' title="bbox 1282 468 2564 541; baseline 0 -4"><span class='ocrx_word' id='word_1_1' title='bbox 1282 468 1362 537; x_wconf 87' lang='lat' dir='ltr'>A.</span> <span class='ocrx_word' id='word_1_2' title='bbox 1429 468 1640 541; x_wconf 75' lang='lat'>1231.</span> <span class='ocrx_word' id='word_1_3' title='bbox 2426 468 2564 541; x_wconf 83' lang='lat'>107</span> 
     </span>
    </p>
   </div>
   <div class='ocr_carea' id='block_1_2' title="bbox 375 663 2613 4180">
    <p class='ocr_par' dir='ltr' id='par_1_2' title="bbox 375 663 2567 1244">
     <span class='ocr_line' id='line_1_2' title="bbox 376 663 2567 764; baseline -0 -24"><span class='ocrx_word' id='word_1_4' title='bbox 376 667 532 741; x_wconf 85' lang='lat' dir='ltr'>lulii</span> <span class='ocrx_word' id='word_1_5' title='bbox 588 664 1110 763; x_wconf 85' lang='lat' dir='ltr'>inquisitiones</span> <span class='ocrx_word' id='word_1_6' title='bbox 1161 663 1348 737; x_wconf 85' lang='lat' dir='ltr'>fiunt</span> <span class='ocrx_word' id='word_1_7' title='bbox 1402 665 1474 736; x_wconf 89' lang='lat' dir='ltr'>in</span> <span class='ocrx_word' id='word_1_8' title='bbox 1532 666 1808 739; x_wconf 89' lang='lat' dir='ltr'>Sancto</span> <span class='ocrx_word' id='word_1_9' title='bbox 1868 666 2245 739; x_wconf 84' lang='lat' dir='ltr'>Germano</span> <span class='ocrx_word' id='word_1_10' title='bbox 2304 674 2378 738; x_wconf 88' lang='lat' dir='ltr'>et</span> <span class='ocrx_word' id='word_1_11' title='bbox 2434 690 2567 764; x_wconf 88' lang='lat' dir='ltr'>per</span> 
     </span>
     <span class='ocr_line' id='line_1_3' title="bbox 375 765 2565 864; baseline 0 -24"><span class='ocrx_word' id='word_1_12' title='bbox 375 780 606 841; x_wconf 89' lang='lat' dir='ltr'>totam</span> <span class='ocrx_word' id='word_1_13' title='bbox 663 776 946 838; x_wconf 88' lang='lat' dir='ltr'>terram</span> <span class='ocrx_word' id='word_1_14' title='bbox 1005 765 1256 838; x_wconf 81' lang='lat' dir='ltr'>Sancti</span> <span class='ocrx_word' id='word_1_15' title='bbox 1316 766 1699 839; x_wconf 86' lang='lat' dir='ltr'>Benedicti</span> <span class='ocrx_word' id='word_1_16' title='bbox 1765 789 1901 864; x_wconf 88' lang='lat' dir='ltr'>per</span> <span class='ocrx_word' id='word_1_17' title='bbox 1950 766 2405 840; x_wconf 88' lang='lat' dir='ltr'>Robbertum</span> <span class='ocrx_word' id='word_1_18' title='bbox 2471 770 2565 840; x_wconf 92' lang='lat' dir='ltr'>de</span> 
     </span>
     <span class='ocr_line' id='line_1_4' title="bbox 376 864 2567 965; baseline -0.002 -22"><span class='ocrx_word' id='word_1_19' title='bbox 376 869 622 943; x_wconf 89' lang='lat' dir='ltr'>Busso</span> <span class='ocrx_word' id='word_1_20' title='bbox 659 867 871 939; x_wconf 89' lang='lat' dir='ltr'>iussu</span> <span class='ocrx_word' id='word_1_21' title='bbox 914 866 1255 962; x_wconf 80' lang='lat' dir='ltr'>magistri</span> <span class='ocrx_word' id='word_1_22' title='bbox 1291 864 1689 962; x_wconf 76' lang='lat' dir='ltr'>iustitiarii‚</span> <span class='ocrx_word' id='word_1_23' title='bbox 1742 870 1833 939; x_wconf 90' lang='lat' dir='ltr'>de</span> <span class='ocrx_word' id='word_1_24' title='bbox 1890 867 2386 965; x_wconf 71' lang='lat' dir='ltr'>compangiiS‚</span> <span class='ocrx_word' id='word_1_25' title='bbox 2434 868 2567 939; x_wconf 86' lang='lat' dir='ltr'>fal-</span> 
     </span>
     <span class='ocr_line' id='line_1_5' title="bbox 375 967 2565 1064; baseline -0.001 -22"><span class='ocrx_word' id='word_1_26' title='bbox 375 968 637 1063; x_wconf 76' lang='lat' dir='ltr'>sariiS‚</span> <span class='ocrx_word' id='word_1_27' title='bbox 703 967 1198 1064; x_wconf 70' lang='lat' dir='ltr'>aleatoribus,</span> <span class='ocrx_word' id='word_1_28' title='bbox 1265 968 1753 1063; x_wconf 69' lang='lat' dir='ltr'>tabernariis,</span> <span class='ocrx_word' id='word_1_29' title='bbox 1826 967 2261 1063; x_wconf 72' lang='lat' dir='ltr'>homicidis,</span> <span class='ocrx_word' id='word_1_30' title='bbox 2336 968 2565 1040; x_wconf 88' lang='lat' dir='ltr'>vitam</span> 
     </span>
     <span class='ocr_line' id='line_1_6' title="bbox 378 1068 2567 1167; baseline -0.001 -23"><span class='ocrx_word' id='word_1_31' title='bbox 378 1079 900 1167; x_wconf 81' lang='lat' dir='ltr'>sumptuosam</span> <span class='ocrx_word' id='word_1_32' title='bbox 935 1068 1402 1163; x_wconf 72' lang='lat' dir='ltr'>ducentihuS,</span> <span class='ocrx_word' id='word_1_33' title='bbox 1434 1069 1800 1165; x_wconf 89' lang='lat' dir='ltr'>prohibita</span> <span class='ocrx_word' id='word_1_34' title='bbox 1832 1092 2039 1140; x_wconf 88' lang='lat' dir='ltr'>arma</span> <span class='ocrx_word' id='word_1_35' title='bbox 2074 1068 2567 1166; x_wconf 65' lang='lat' dir='ltr'>portantibus7</span> 
     </span>
     <span class='ocr_line' id='line_1_7' title="bbox 379 1168 1453 1244; baseline -0.003 0"><span class='ocrx_word' id='word_1_36' title='bbox 379 1182 453 1244; x_wconf 90' lang='lat' dir='ltr'>et</span> <span class='ocrx_word' id='word_1_37' title='bbox 489 1173 582 1243; x_wconf 87' lang='lat' dir='ltr'>de</span> <span class='ocrx_word' id='word_1_38' title='bbox 621 1168 994 1241; x_wconf 87' lang='lat' dir='ltr'>violentiis</span> <span class='ocrx_word' id='word_1_39' title='bbox 1033 1168 1453 1242; x_wconf 20' lang='lat' dir='ltr'>mulieissum</span> 
     </span>
    </p>

    <p class='ocr_par' dir='ltr' id='par_1_3' title="bbox 375 1268 2571 1547">
     <span class='ocr_line' id='line_1_8' title="bbox 527 1268 2569 1382; baseline -0.001 -39"><span class='ocrx_word' id='word_1_40' title='bbox 527 1269 913 1345; x_wconf 84' lang='lat' dir='ltr'>Exercitus</span> <span class='ocrx_word' id='word_1_41' title='bbox 971 1268 1380 1382; x_wconf 89' lang='lat' dir='ltr'>imperialis</span> <span class='ocrx_word' id='word_1_42' title='bbox 1431 1270 1939 1363; x_wconf 86' lang='lat' dir='ltr'>lutroducum.</span> <span class='ocrx_word' id='word_1_43' title='bbox 1989 1268 2061 1339; x_wconf 91' lang='lat' dir='ltr'>in</span> <span class='ocrx_word' id='word_1_44' title='bbox 2102 1293 2247 1367; x_wconf 89' lang='lat' dir='ltr'>quo</span> <span class='ocrx_word' id='word_1_45' title='bbox 2284 1269 2569 1342; x_wconf 86' lang='lat' dir='ltr'>Bertol·</span> 
     </span>
     <span class='ocr_line' id='line_1_9' title="bbox 375 1368 2571 1469; baseline -0.001 -24"><span class='ocrx_word' id='word_1_46' title='bbox 375 1373 516 1445; x_wconf 89' lang='lat' dir='ltr'>dus</span> <span class='ocrx_word' id='word_1_47' title='bbox 569 1395 652 1443; x_wconf 92' lang='lat' dir='ltr'>se</span> <span class='ocrx_word' id='word_1_48' title='bbox 717 1380 975 1445; x_wconf 83' lang='lat' dir='ltr'>contra</span> <span class='ocrx_word' id='word_1_49' title='bbox 1037 1368 1573 1469; x_wconf 84' lang='lat' dir='ltr'>imperatorem</span> <span class='ocrx_word' id='word_1_50' title='bbox 1641 1379 2073 1467; x_wconf 85' lang='lat' dir='ltr'>receperat.</span> <span class='ocrx_word' id='word_1_51' title='bbox 2140 1369 2432 1443; x_wconf 86' lang='lat' dir='ltr'>obsidet</span> <span class='ocrx_word' id='word_1_52' title='bbox 2494 1378 2571 1442; x_wconf 87' lang='lat' dir='ltr'>et</span> 
     </span>
     <span class='ocr_line' id='line_1_10' title="bbox 377 1472 722 1547; baseline -0.012 0"><span class='ocrx_word' id='word_1_53' title='bbox 377 1472 722 1547; x_wconf 87' lang='lat' dir='ltr'>divastat.</span> 
     </span>
    </p>

    <p class='ocr_par' dir='ltr' id='par_1_4' title="bbox 377 1568 2613 1968">
     <span class='ocr_line' id='line_1_11' title="bbox 529 1568 2613 1667; baseline -0.001 -24"><span class='ocrx_word' id='word_1_54' title='bbox 529 1570 940 1667; x_wconf 82' lang='lat' dir='ltr'>Gregorius</span> <span class='ocrx_word' id='word_1_55' title='bbox 995 1592 1190 1667; x_wconf 87' lang='lat' dir='ltr'>papa</span> <span class='ocrx_word' id='word_1_56' title='bbox 1247 1570 1775 1664; x_wconf 86' lang='lat' dir='ltr'>requisitiones</span> <span class='ocrx_word' id='word_1_57' title='bbox 1832 1568 2239 1642; x_wconf 78' lang='lat' dir='ltr'>solidoium</span> <span class='ocrx_word' id='word_1_58' title='bbox 2288 1594 2326 1642; x_wconf 88' lang='lat' dir='ltr'>a</span> <span class='ocrx_word' id='word_1_59' title='bbox 2384 1569 2613 1641; x_wconf 85' lang='lat' dir='ltr'>mili·-</span> 
     </span>
     <span class='ocr_line' id='line_1_12' title="bbox 377 1668 2566 1766; baseline -0.001 -21"><span class='ocrx_word' id='word_1_60' title='bbox 377 1674 574 1747; x_wconf 89' lang='lat' dir='ltr'>tibus</span> <span class='ocrx_word' id='word_1_61' title='bbox 613 1682 690 1743; x_wconf 92' lang='lat' dir='ltr'>et</span> <span class='ocrx_word' id='word_1_62' title='bbox 727 1670 1227 1744; x_wconf 88' lang='lat' dir='ltr'>servientibus</span> <span class='ocrx_word' id='word_1_63' title='bbox 1253 1669 1667 1766; x_wconf 88' lang='lat' dir='ltr'>Campanie</span> <span class='ocrx_word' id='word_1_64' title='bbox 1702 1668 1861 1742; x_wconf 84' lang='lat' dir='ltr'>fieri</span> <span class='ocrx_word' id='word_1_65' title='bbox 1906 1673 2232 1764; x_wconf 78' lang='lat' dir='ltr'>mandat,</span> <span class='ocrx_word' id='word_1_66' title='bbox 2271 1670 2393 1766; x_wconf 89' lang='lat' dir='ltr'>qui</span> <span class='ocrx_word' id='word_1_67' title='bbox 2434 1694 2566 1743; x_wconf 89' lang='lat' dir='ltr'>eos</span> 
     </span>
     <span class='ocr_line' id='line_1_13' title="bbox 377 1770 2570 1868; baseline -0.002 -21"><span class='ocrx_word' id='word_1_68' title='bbox 377 1775 450 1847; x_wconf 90' lang='lat' dir='ltr'>in</span> <span class='ocrx_word' id='word_1_69' title='bbox 494 1772 830 1844; x_wconf 80' lang='lat' dir='ltr'>fraudem</span> <span class='ocrx_word' id='word_1_70' title='bbox 871 1770 1339 1843; x_wconf 85' lang='lat' dir='ltr'>retinuerunt</span> <span class='ocrx_word' id='word_1_71' title='bbox 1375 1780 1721 1868; x_wconf 88' lang='lat' dir='ltr'>tempore</span> <span class='ocrx_word' id='word_1_72' title='bbox 1759 1782 1921 1843; x_wconf 82' lang='lat' dir='ltr'>orte</span> <span class='ocrx_word' id='word_1_73' title='bbox 1959 1770 2341 1843; x_wconf 69' lang='lat' dir='ltr'>discordie·</span> <span class='ocrx_word' id='word_1_74' title='bbox 2375 1771 2570 1843; x_wconf 88' lang='lat' dir='ltr'>inter</span> 
     </span>
     <span class='ocr_line' id='line_1_14' title="bbox 379 1870 1353 1968; baseline -0.005 -21"><span class='ocrx_word' id='word_1_75' title='bbox 379 1872 780 1947; x_wconf 88' lang='lat' dir='ltr'>ecclesiam</span> <span class='ocrx_word' id='word_1_76' title='bbox 823 1882 898 1943; x_wconf 90' lang='lat' dir='ltr'>et</span> <span class='ocrx_word' id='word_1_77' title='bbox 933 1870 1353 1968; x_wconf 89' lang='lat' dir='ltr'>imperium.</span> 
     </span>
    </p>

    <p class='ocr_par' dir='ltr' id='par_1_5' title="bbox 379 1970 2571 2571">
     <span class='ocr_line' id='line_1_15' title="bbox 526 1970 2567 2084; baseline -0.001 -37"><span class='ocrx_word' id='word_1_78' title='bbox 526 1971 1020 2047; x_wconf 85' lang='lat' dir='ltr'>Beluacensis</span> <span class='ocrx_word' id='word_1_79' title='bbox 1078 1971 1526 2068; x_wconf 91' lang='lat' dir='ltr'>episcopus</span> <span class='ocrx_word' id='word_1_80' title='bbox 1594 1972 1709 2043; x_wconf 90' lang='lat' dir='ltr'>cui</span> <span class='ocrx_word' id='word_1_81' title='bbox 1766 1974 2081 2045; x_wconf 88' lang='lat' dir='ltr'>ducatus</span> <span class='ocrx_word' id='word_1_82' title='bbox 2139 1970 2425 2084; x_wconf 84' lang='lat' dir='ltr'>Spoleti</span> <span class='ocrx_word' id='word_1_83' title='bbox 2474 1974 2567 2044; x_wconf 87' lang='lat' dir='ltr'>ab</span> 
     </span>
     <span class='ocr_line' id='line_1_16' title="bbox 381 2070 2571 2183; baseline -0.001 -36"><span class='ocrx_word' id='word_1_84' title='bbox 381 2072 706 2148; x_wconf 87' lang='lat' dir='ltr'>ecclesia</span> <span class='ocrx_word' id='word_1_85' title='bbox 761 2082 879 2145; x_wconf 90' lang='lat' dir='ltr'>est</span> <span class='ocrx_word' id='word_1_86' title='bbox 927 2070 1411 2183; x_wconf 76' lang='lat' dir='ltr'>commissus,</span> <span class='ocrx_word' id='word_1_87' title='bbox 1463 2081 1928 2167; x_wconf 83' lang='lat' dir='ltr'>congregato</span> <span class='ocrx_word' id='word_1_88' title='bbox 1970 2071 2296 2143; x_wconf 89' lang='lat' dir='ltr'>exercitu</span> <span class='ocrx_word' id='word_1_89' title='bbox 2340 2090 2571 2170; x_wconf 87' lang='lat' dir='ltr'>super</span> 
     </span>
     <span class='ocr_line' id='line_1_17' title="bbox 383 2170 2569 2273; baseline -0.002 -25"><span class='ocrx_word' id='word_1_90' title='bbox 383 2174 777 2273; x_wconf 89' lang='lat' dir='ltr'>Spoletum</span> <span class='ocrx_word' id='word_1_91' title='bbox 814 2171 1041 2267; x_wconf 88' lang='lat' dir='ltr'>vadit.</span> <span class='ocrx_word' id='word_1_92' title='bbox 1096 2170 1299 2243; x_wconf 89' lang='lat' dir='ltr'>illam</span> <span class='ocrx_word' id='word_1_93' title='bbox 1349 2170 1422 2242; x_wconf 90' lang='lat' dir='ltr'>in</span> <span class='ocrx_word' id='word_1_94' title='bbox 1471 2172 1964 2245; x_wconf 84' lang='lat' dir='ltr'>exterioribus</span> <span class='ocrx_word' id='word_1_95' title='bbox 2002 2174 2371 2266; x_wconf 80' lang='lat' dir='ltr'>devastat,</span> <span class='ocrx_word' id='word_1_96' title='bbox 2426 2188 2569 2244; x_wconf 85' lang='lat' dir='ltr'>nec</span> 
     </span>
     <span class='ocr_line' id='line_1_18' title="bbox 381 2238 2569 2386; baseline -0.002 -39"><span class='ocrx_word' id='word_1_97' title='bbox 381 2299 518 2374; x_wconf 90' lang='lat' dir='ltr'>per</span> <span class='ocrx_word' id='word_1_98' title='bbox 551 2274 700 2347; x_wconf 84' lang='lat' dir='ltr'>hoc</span> <span class='ocrx_word' id='word_1_99' title='bbox 733 2238 1184 2386; x_wconf 83' lang='lat' dir='ltr'>Spoletanos</span> <span class='ocrx_word' id='word_1_100' title='bbox 1235 2274 1323 2343; x_wconf 88' lang='lat' dir='ltr'>ad</span> <span class='ocrx_word' id='word_1_101' title='bbox 1379 2294 1595 2343; x_wconf 89' lang='lat' dir='ltr'>suam</span> <span class='ocrx_word' id='word_1_102' title='bbox 1636 2273 1915 2345; x_wconf 90' lang='lat' dir='ltr'>habere</span> <span class='ocrx_word' id='word_1_103' title='bbox 1955 2272 2192 2369; x_wconf 88' lang='lat' dir='ltr'>potuit</span> <span class='ocrx_word' id='word_1_104' title='bbox 2230 2271 2569 2344; x_wconf 88' lang='lat' dir='ltr'>volunta-</span> 
     </span>
     <span class='ocr_line' id='line_1_19' title="bbox 379 2371 2569 2472; baseline -0.003 -21"><span class='ocrx_word' id='word_1_105' title='bbox 379 2389 578 2471; x_wconf 80' lang='lat' dir='ltr'>tem3</span> <span class='ocrx_word' id='word_1_106' title='bbox 637 2383 712 2445; x_wconf 89' lang='lat' dir='ltr'>et</span> <span class='ocrx_word' id='word_1_107' title='bbox 765 2373 874 2447; x_wconf 89' lang='lat' dir='ltr'>sic</span> <span class='ocrx_word' id='word_1_108' title='bbox 922 2372 1094 2444; x_wconf 91' lang='lat' dir='ltr'>inde</span> <span class='ocrx_word' id='word_1_109' title='bbox 1149 2371 1573 2468; x_wconf 63' lang='lat' dir='ltr'>discederm,</span> <span class='ocrx_word' id='word_1_110' title='bbox 1626 2396 1858 2472; x_wconf 89' lang='lat' dir='ltr'>super</span> <span class='ocrx_word' id='word_1_111' title='bbox 1895 2372 2302 2445; x_wconf 85' lang='lat' dir='ltr'>Mirandam</span> <span class='ocrx_word' id='word_1_112' title='bbox 2344 2372 2569 2468; x_wconf 69' lang='lat' dir='ltr'>vadit,-</span> 
     </span>
     <span class='ocr_line' id='line_1_20' title="bbox 383 2473 2569 2571; baseline -0.002 -21"><span class='ocrx_word' id='word_1_113' title='bbox 383 2477 504 2552; x_wconf 88' lang='lat' dir='ltr'>ubi</span> <span class='ocrx_word' id='word_1_114' title='bbox 555 2485 858 2550; x_wconf 87' lang='lat' dir='ltr'>monete</span> <span class='ocrx_word' id='word_1_115' title='bbox 899 2485 976 2546; x_wconf 89' lang='lat' dir='ltr'>et</span> <span class='ocrx_word' id='word_1_116' title='bbox 1009 2474 1207 2548; x_wconf 90' lang='lat' dir='ltr'>bulle</span> <span class='ocrx_word' id='word_1_117' title='bbox 1242 2473 1537 2571; x_wconf 89' lang='lat' dir='ltr'>papalis</span> <span class='ocrx_word' id='word_1_118' title='bbox 1579 2497 1754 2547; x_wconf 87' lang='lat' dir='ltr'>esse</span> <span class='ocrx_word' id='word_1_119' title='bbox 1791 2474 2073 2547; x_wconf 85' lang='lat' dir='ltr'>falsarii</span> <span class='ocrx_word' id='word_1_120' title='bbox 2112 2474 2569 2548; x_wconf 84' lang='lat' dir='ltr'>dicebantur.</span> 
     </span>
    </p>

    <p class='ocr_par' dir='ltr' id='par_1_6' title="bbox 529 2573 2305 2671">
     <span class='ocr_line' id='line_1_21' title="bbox 529 2573 2305 2671; baseline -0.002 -21"><span class='ocrx_word' id='word_1_121' title='bbox 529 2575 922 2650; x_wconf 85' lang='lat' dir='ltr'>Exercitus</span> <span class='ocrx_word' id='word_1_122' title='bbox 959 2573 1370 2671; x_wconf 89' lang='lat' dir='ltr'>imperialis</span> <span class='ocrx_word' id='word_1_123' title='bbox 1411 2579 1502 2647; x_wconf 89' lang='lat' dir='ltr'>ab</span> <span class='ocrx_word' id='word_1_124' title='bbox 1540 2576 1933 2648; x_wconf 87' lang='lat' dir='ltr'>Introduco</span> <span class='ocrx_word' id='word_1_125' title='bbox 1971 2575 2305 2649; x_wconf 83' lang='lat' dir='ltr'>discedit.</span> 
     </span>
    </p>

    <p class='ocr_par' dir='ltr' id='par_1_7' title="bbox 536 2676 2370 2771">
     <span class='ocr_line' id='line_1_22' title="bbox 536 2676 2370 2771; baseline -0.002 -21"><span class='ocrx_word' id='word_1_126' title='bbox 536 2676 828 2750; x_wconf 87' lang='lat' dir='ltr'>Reatini</span> <span class='ocrx_word' id='word_1_127' title='bbox 867 2676 1075 2748; x_wconf 85' lang='lat' dir='ltr'>iussu</span> <span class='ocrx_word' id='word_1_128' title='bbox 1114 2697 1312 2770; x_wconf 90' lang='lat' dir='ltr'>pape</span> <span class='ocrx_word' id='word_1_129' title='bbox 1349 2699 1582 2771; x_wconf 88' lang='lat' dir='ltr'>super</span> <span class='ocrx_word' id='word_1_130' title='bbox 1614 2676 2031 2748; x_wconf 88' lang='lat' dir='ltr'>Mirandam</span> <span class='ocrx_word' id='word_1_131' title='bbox 2070 2680 2370 2749; x_wconf 89' lang='lat' dir='ltr'>vadunt</span> 
     </span>
    </p>

    <p class='ocr_par' dir='ltr' id='par_1_8' title="bbox 383 2774 2569 3073">
     <span class='ocr_line' id='line_1_23' title="bbox 534 2774 2569 2874; baseline -0.001 -25"><span class='ocrx_word' id='word_1_132' title='bbox 534 2777 801 2850; x_wconf 88' lang='lat' dir='ltr'>Mense</span> <span class='ocrx_word' id='word_1_133' title='bbox 848 2774 1164 2871; x_wconf 82' lang='lat' dir='ltr'>Augusti</span> <span class='ocrx_word' id='word_1_134' title='bbox 1217 2777 1308 2845; x_wconf 91' lang='lat' dir='ltr'>de</span> <span class='ocrx_word' id='word_1_135' title='bbox 1361 2777 1713 2848; x_wconf 89' lang='lat' dir='ltr'>mandato</span> <span class='ocrx_word' id='word_1_136' title='bbox 1750 2775 2135 2874; x_wconf 87' lang='lat' dir='ltr'>imperiali</span> <span class='ocrx_word' id='word_1_137' title='bbox 2155 2799 2294 2873; x_wconf 90' lang='lat' dir='ltr'>per</span> <span class='ocrx_word' id='word_1_138' title='bbox 2329 2785 2569 2846; x_wconf 85' lang='lat' dir='ltr'>totum</span> 
     </span>
     <span class='ocr_line' id='line_1_24' title="bbox 383 2874 2569 2974; baseline -0.001 -25"><span class='ocrx_word' id='word_1_139' title='bbox 383 2901 702 2974; x_wconf 84' lang='lat' dir='ltr'>regnum</span> <span class='ocrx_word' id='word_1_140' title='bbox 737 2885 898 2948; x_wconf 88' lang='lat' dir='ltr'>seta</span> <span class='ocrx_word' id='word_1_141' title='bbox 928 2877 1156 2946; x_wconf 87' lang='lat' dir='ltr'>cruda</span> <span class='ocrx_word' id='word_1_142' title='bbox 1187 2874 1332 2946; x_wconf 89' lang='lat' dir='ltr'>emi</span> <span class='ocrx_word' id='word_1_143' title='bbox 1367 2874 1827 2972; x_wconf 69' lang='lat' dir='ltr'>prohibetur,</span> <span class='ocrx_word' id='word_1_144' title='bbox 1865 2875 2209 2948; x_wconf 83' lang='lat' dir='ltr'>similiter</span> <span class='ocrx_word' id='word_1_145' title='bbox 2248 2876 2569 2967; x_wconf 62' lang='lat' dir='ltr'>sa17fer-</span> 
     </span>
     <span class='ocr_line' id='line_1_25' title="bbox 385 2973 2569 3089; baseline -0.002 -39"><span class='ocrx_word' id='word_1_146' title='bbox 385 3003 546 3050; x_wconf 91' lang='lat' dir='ltr'>rum</span> <span class='ocrx_word' id='word_1_147' title='bbox 588 2987 664 3050; x_wconf 91' lang='lat' dir='ltr'>et</span> <span class='ocrx_word' id='word_1_148' title='bbox 700 3001 832 3049; x_wconf 89' lang='lat' dir='ltr'>aes</span> <span class='ocrx_word' id='word_1_149' title='bbox 873 2975 1021 3049; x_wconf 87' lang='lat' dir='ltr'>emi</span> <span class='ocrx_word' id='word_1_150' title='bbox 1059 2973 1355 3047; x_wconf 89' lang='lat' dir='ltr'>nonnisi</span> <span class='ocrx_word' id='word_1_151' title='bbox 1397 3000 1436 3046; x_wconf 92' lang='lat' dir='ltr'>a</span> <span class='ocrx_word' id='word_1_152' title='bbox 1477 2977 1720 3049; x_wconf 88' lang='lat' dir='ltr'>doana</span> <span class='ocrx_word' id='word_1_153' title='bbox 1751 2975 2119 3089; x_wconf 68' lang='lat' dir='ltr'>imperiali</span> <span class='ocrx_word' id='word_1_154' title='bbox 2148 2978 2569 3048; x_wconf 86' lang='lat' dir='ltr'>mandatur.</span> 
     </span>
    </p>

    <p class='ocr_par' dir='ltr' id='par_1_9' title="bbox 380 3075 2571 3251">
     <span class='ocr_line' id='line_1_26' title="bbox 534 3075 2571 3175; baseline -0.001 -25"><span class='ocrx_word' id='word_1_155' title='bbox 534 3079 756 3150; x_wconf 89' lang='lat' dir='ltr'>Serra</span> <span class='ocrx_word' id='word_1_156' title='bbox 799 3100 1027 3174; x_wconf 91' lang='lat' dir='ltr'>super</span> <span class='ocrx_word' id='word_1_157' title='bbox 1064 3075 1426 3150; x_wconf 90' lang='lat' dir='ltr'>Celanum</span> <span class='ocrx_word' id='word_1_158' title='bbox 1465 3075 1817 3149; x_wconf 86' lang='lat' dir='ltr'>firmata</span> <span class='ocrx_word' id='word_1_159' title='bbox 1796 3101 2008 3149; x_wconf 79' lang='lat' dir='ltr'>iussu</span> <span class='ocrx_word' id='word_1_160' title='bbox 2052 3075 2421 3175; x_wconf 85' lang='lat' dir='ltr'>imperiali</span> <span class='ocrx_word' id='word_1_161' title='bbox 2470 3075 2571 3149; x_wconf 90' lang='lat' dir='ltr'>di·</span> 
     </span>
     <span class='ocr_line' id='line_1_27' title="bbox 380 3179 634 3251; baseline -0.012 -1"><span class='ocrx_word' id='word_1_162' title='bbox 380 3179 634 3251; x_wconf 77' lang='lat' dir='ltr'>ruitui.</span> 
     </span>
    </p>

    <p class='ocr_par' dir='ltr' id='par_1_10' title="bbox 383 3275 2567 3451">
     <span class='ocr_line' id='line_1_28' title="bbox 533 3275 2567 3373; baseline -0.001 -23"><span class='ocrx_word' id='word_1_163' title='bbox 533 3279 810 3350; x_wconf 86' lang='lat' dir='ltr'>Eodem</span> <span class='ocrx_word' id='word_1_164' title='bbox 849 3299 1118 3348; x_wconf 87' lang='lat' dir='ltr'>mense</span> <span class='ocrx_word' id='word_1_165' title='bbox 1160 3275 1524 3373; x_wconf 82' lang='lat' dir='ltr'>magister</span> <span class='ocrx_word' id='word_1_166' title='bbox 1561 3278 1828 3350; x_wconf 88' lang='lat' dir='ltr'>domus</span> <span class='ocrx_word' id='word_1_167' title='bbox 1864 3275 2452 3350; x_wconf 82' lang='lat' dir='ltr'>Alamannorum</span> <span class='ocrx_word' id='word_1_168' title='bbox 2494 3276 2567 3349; x_wconf 73' lang='lat' dir='ltr'>in·</span> 
     </span>
     <span class='ocr_line' id='line_1_29' title="bbox 383 3376 1170 3451; baseline -0.006 0"><span class='ocrx_word' id='word_1_169' title='bbox 383 3377 908 3451; x_wconf 52' lang='lat' dir='ltr'>[lombardiam</span> <span class='ocrx_word' id='word_1_170' title='bbox 949 3376 1170 3448; x_wconf 88' lang='lat' dir='ltr'>vadit.</span> 
     </span>
    </p>

    <p class='ocr_par' dir='ltr' id='par_1_11' title="bbox 537 3475 2488 3575">
     <span class='ocr_line' id='line_1_30' title="bbox 537 3475 2488 3575; baseline -0.003 -22"><span class='ocrx_word' id='word_1_171' title='bbox 537 3477 1126 3553; x_wconf 87' lang='lat' dir='ltr'>Constitutiones</span> <span class='ocrx_word' id='word_1_172' title='bbox 1165 3475 1599 3574; x_wconf 73' lang='lat' dir='ltr'>imperiales</span> <span class='ocrx_word' id='word_1_173' title='bbox 1636 3475 1962 3575; x_wconf 85' lang='lat' dir='ltr'>Melphie</span> <span class='ocrx_word' id='word_1_174' title='bbox 1999 3478 2488 3575; x_wconf 85' lang='lat' dir='ltr'>publicantur.</span> 
     </span>
    </p>

    <p class='ocr_par' dir='ltr' id='par_1_12' title="bbox 384 3576 2571 4180">
     <span class='ocr_line' id='line_1_31' title="bbox 535 3576 2570 3676; baseline -0.001 -24"><span class='ocrx_word' id='word_1_175' title='bbox 535 3579 795 3652; x_wconf 85' lang='lat' dir='ltr'>Mense</span> <span class='ocrx_word' id='word_1_176' title='bbox 833 3576 1302 3675; x_wconf 83' lang='lat' dir='ltr'>Septembris</span> <span class='ocrx_word' id='word_1_177' title='bbox 1339 3581 1535 3676; x_wconf 87' lang='lat' dir='ltr'>apud</span> <span class='ocrx_word' id='word_1_178' title='bbox 1576 3579 1931 3652; x_wconf 88' lang='lat' dir='ltr'>Sanctum</span> <span class='ocrx_word' id='word_1_179' title='bbox 1972 3579 2435 3650; x_wconf 86' lang='lat' dir='ltr'>Germanum</span> <span class='ocrx_word' id='word_1_180' title='bbox 2477 3577 2570 3650; x_wconf 89' lang='lat' dir='ltr'>si·</span> 
     </span>
     <span class='ocr_line' id='line_1_32' title="bbox 387 3682 2569 3779; baseline -0.001 -28"><span class='ocrx_word' id='word_1_181' title='bbox 387 3689 514 3752; x_wconf 88' lang='lat' dir='ltr'>cut</span> <span class='ocrx_word' id='word_1_182' title='bbox 545 3701 684 3779; x_wconf 87' lang='lat' dir='ltr'>per</span> <span class='ocrx_word' id='word_1_183' title='bbox 717 3688 955 3751; x_wconf 89' lang='lat' dir='ltr'>totum</span> <span class='ocrx_word' id='word_1_184' title='bbox 993 3703 1344 3776; x_wconf 69' lang='lat' dir='ltr'>regnum,</span> <span class='ocrx_word' id='word_1_185' title='bbox 1393 3682 1727 3776; x_wconf 84' lang='lat' dir='ltr'>pondera</span> <span class='ocrx_word' id='word_1_186' title='bbox 1769 3690 1845 3750; x_wconf 90' lang='lat' dir='ltr'>et</span> <span class='ocrx_word' id='word_1_187' title='bbox 1884 3700 2239 3751; x_wconf 86' lang='lat' dir='ltr'>mensure</span> <span class='ocrx_word' id='word_1_188' title='bbox 2280 3687 2569 3749; x_wconf 85' lang='lat' dir='ltr'>mutan-</span> 
     </span>
     <span class='ocr_line' id='line_1_33' title="bbox 386 3773 2571 3878; baseline -0.001 -25"><span class='ocrx_word' id='word_1_189' title='bbox 386 3792 529 3877; x_wconf 58' lang='lat' dir='ltr'>tur„</span> <span class='ocrx_word' id='word_1_190' title='bbox 581 3789 958 3878; x_wconf 89' lang='lat' dir='ltr'>ponuntur</span> <span class='ocrx_word' id='word_1_191' title='bbox 994 3779 1209 3852; x_wconf 89' lang='lat' dir='ltr'>rotuli</span> <span class='ocrx_word' id='word_1_192' title='bbox 1251 3789 1326 3853; x_wconf 91' lang='lat' dir='ltr'>et</span> <span class='ocrx_word' id='word_1_193' title='bbox 1361 3778 1648 3852; x_wconf 88' lang='lat' dir='ltr'>tumini.</span> <span class='ocrx_word' id='word_1_194' title='bbox 1720 3779 2139 3852; x_wconf 83' lang='lat' dir='ltr'>Tinctorias</span> <span class='ocrx_word' id='word_1_195' title='bbox 2170 3796 2440 3850; x_wconf 84' lang='lat' dir='ltr'>omnes</span> <span class='ocrx_word' id='word_1_196' title='bbox 2476 3773 2571 3850; x_wconf 89' lang='lat' dir='ltr'>de</span> 
     </span>
     <span class='ocr_line' id='line_1_34' title="bbox 385 3879 2571 3980; baseline -0.001 -28"><span class='ocrx_word' id='word_1_197' title='bbox 385 3903 624 3978; x_wconf 81' lang='lat' dir='ltr'>regno</span> <span class='ocrx_word' id='word_1_198' title='bbox 663 3883 752 3952; x_wconf 83' lang='lat' dir='ltr'>ad</span> <span class='ocrx_word' id='word_1_199' title='bbox 793 3903 982 3980; x_wconf 89' lang='lat' dir='ltr'>opus</span> <span class='ocrx_word' id='word_1_200' title='bbox 1014 3879 1174 3952; x_wconf 82' lang='lat' dir='ltr'>fisci</span> <span class='ocrx_word' id='word_1_201' title='bbox 1205 3880 1615 3978; x_wconf 87' lang='lat' dir='ltr'>imperialis</span> <span class='ocrx_word' id='word_1_202' title='bbox 1648 3880 1877 3978; x_wconf 85' lang='lat' dir='ltr'>recipi</span> <span class='ocrx_word' id='word_1_203' title='bbox 1907 3879 2225 3977; x_wconf 86' lang='lat' dir='ltr'>precipit</span> <span class='ocrx_word' id='word_1_204' title='bbox 2253 3879 2571 3977; x_wconf 88' lang='lat' dir='ltr'>impera·</span> 
     </span>
     <span class='ocr_line' id='line_1_35' title="bbox 384 3979 2571 4080; baseline -0.002 -26"><span class='ocrx_word' id='word_1_205' title='bbox 384 3993 526 4077; x_wconf 74' lang='lat' dir='ltr'>tor,</span> <span class='ocrx_word' id='word_1_206' title='bbox 567 3993 642 4055; x_wconf 92' lang='lat' dir='ltr'>et</span> <span class='ocrx_word' id='word_1_207' title='bbox 678 4005 910 4080; x_wconf 88' lang='lat' dir='ltr'>super</span> <span class='ocrx_word' id='word_1_208' title='bbox 933 3982 1082 4052; x_wconf 85' lang='lat' dir='ltr'>hoc</span> <span class='ocrx_word' id='word_1_209' title='bbox 1109 4003 1288 4054; x_wconf 88' lang='lat' dir='ltr'>suas</span> <span class='ocrx_word' id='word_1_210' title='bbox 1322 3981 1543 4054; x_wconf 89' lang='lat' dir='ltr'>mittit</span> <span class='ocrx_word' id='word_1_211' title='bbox 1568 3981 1854 4053; x_wconf 87' lang='lat' dir='ltr'>litteras</span> <span class='ocrx_word' id='word_1_212' title='bbox 1886 3980 2307 4076; x_wconf 85' lang='lat' dir='ltr'>generales.</span> <span class='ocrx_word' id='word_1_213' title='bbox 2362 3979 2571 4066; x_wconf 81' lang='lat' dir='ltr'>Quas</span> 
     </span>
     <span class='ocr_line' id='line_1_36' title="bbox 387 4073 2569 4180; baseline -0.001 -26"><span class='ocrx_word' id='word_1_214' title='bbox 387 4103 558 4156; x_wconf 86' lang='lat' dir='ltr'>cum</span> <span class='ocrx_word' id='word_1_215' title='bbox 597 4087 740 4156; x_wconf 84' lang='lat' dir='ltr'>duo</span> <span class='ocrx_word' id='word_1_216' title='bbox 777 4080 977 4155; x_wconf 87' lang='lat' dir='ltr'>ludei</span> <span class='ocrx_word' id='word_1_217' title='bbox 1016 4102 1152 4180; x_wconf 84' lang='lat' dir='ltr'>pro</span> <span class='ocrx_word' id='word_1_218' title='bbox 1178 4081 1439 4154; x_wconf 85' lang='lat' dir='ltr'>iudeca</span> <span class='ocrx_word' id='word_1_219' title='bbox 1467 4073 1721 4155; x_wconf 86' lang='lat' dir='ltr'>Sancti</span> <span class='ocrx_word' id='word_1_220' title='bbox 1755 4080 2109 4154; x_wconf 87' lang='lat' dir='ltr'>Germani</span> <span class='ocrx_word' id='word_1_221' title='bbox 2142 4078 2569 4180; x_wconf 83' lang='lat' dir='ltr'>recipienda</span> 
     </span>
    </p>
   </div>
   <div class='ocr_carea' id='block_1_3' title="bbox 385 4181 2571 4355">
    <p class='ocr_par' dir='ltr' id='par_1_13' title="bbox 385 4181 2571 4355">
     <span class='ocr_line' id='line_1_37' title="bbox 385 4181 2571 4355; baseline -0.001 -101"><span class='ocrx_word' id='word_1_222' title='bbox 385 4183 810 4277; x_wconf 72' lang='lat' dir='ltr'>detulerint,</span> <span class='ocrx_word' id='word_1_223' title='bbox 864 4182 1106 4281; x_wconf 86' lang='lat' dir='ltr'>ipsam</span> <span class='ocrx_word' id='word_1_224' title='bbox 1161 4181 1496 4278; x_wconf 86' lang='lat' dir='ltr'>Reginus</span> <span class='ocrx_word' id='word_1_225' title='bbox 1552 4181 2165 4355; x_wconf 61' lang='lat' dir='ltr'>archiepiscgpus</span> <span class='ocrx_word' id='word_1_226' title='bbox 2205 4181 2367 4280; x_wconf 89' lang='lat' dir='ltr'>capi</span> <span class='ocrx_word' id='word_1_227' title='bbox 2406 4201 2571 4278; x_wconf 85' lang='lat' dir='ltr'>pro</span> 
     </span>
    </p>
   </div>
  </div>
 </body>
</html>
