3050 4900
1287 458 1369 528 A.
1434 460 1646 531 1229.
2473 462 2565 529 77

374 658 801 731 Traiectum
852 662 1158 730 tenebat
1196 668 1273 731 et
1307 658 1651 754 Sugium,
1706 682 1791 729 ea
1832 658 2085 754 legato
2123 659 2438 732 reddidit
2474 662 2565 733 ad

374 784 567 857 opus
609 759 953 831 ecclesie.

528 858 791 932 Gaiete
831 858 1092 931 civitas
1133 858 1386 932 multis
1425 860 1723 931 inducta
1764 857 2240 932 suasionibus
2289 870 2365 931 et
2403 884 2565 955 pro-

377 959 633 1033 missis
683 961 756 1030 in
808 969 1099 1057 partem
1141 959 1336 1032 cedit
1374 958 1724 1052 ecclesie,
1781 969 1859 1030 et
1890 959 2317 1051 castellum,
2371 963 2564 1073 quod

376 1084 596 1132 cesar
629 1060 704 1130 in
745 1082 834 1131 ea
870 1058 1030 1133 fieri
1071 1060 1358 1132 fecerat
1387 1059 1641 1132 multis
1668 1059 2045 1132 laboribus
2076 1070 2155 1131 et
2182 1061 2567 1173 expensiS,

374 1160 709 1254 diruitur.
766 1171 840 1231 et
888 1160 1132 1232 omnis
1184 1160 1348 1233 eius
1398 1171 1773 1233 structura
1827 1160 1899 1231 in
1939 1184 2149 1233 mare
2188 1162 2562 1257 proicitur.

374 1260 696 1348 Quidam
725 1270 982 1333 tamen
1005 1260 1635 1374 Gaietanorum,
1618 1286 1691 1331 1n
1729 1258 1877 1333 fide
1914 1262 2199 1335 cesaris
2232 1261 2565 1355 radicati,

373 1364 464 1433 de
503 1360 801 1435 civitate
837 1362 1116 1434 relictis
1155 1361 1474 1459 propriis
1513 1362 1873 1433 abierunt.
1938 1362 2148 1434 Tunc
2185 1362 2561 1459 Roggerio

371 1464 464 1533 de
500 1461 764 1559 Aquila
805 1462 1056 1533 comiti
1093 1462 1410 1559 Sugium
1449 1462 1863 1535 restituitur
1899 1472 1974 1534 et
2012 1463 2461 1537 Traiectum.

521 1562 668 1635 Illis
724 1562 984 1637 diebus
1037 1564 1413 1659 predictus
1453 1562 1897 1635 Guilielmus
1942 1565 2035 1633 de
2070 1563 2261 1635 Sora
2301 1588 2344 1634 a
2381 1587 2560 1659 quo·

370 1666 542 1733 dam
583 1663 912 1757 Taffum,
953 1662 1113 1736 cive
1152 1666 1408 1760 Capue
1448 1663 1857 1736 castellano
1896 1686 2117 1735 rocce
2156 1662 2559 1757 Guilielmi,

371 1762 662 1859 capitur
699 1773 772 1835 et
809 1764 1146 1837 custodie
1184 1764 1496 1837 traditur
1534 1763 1915 1835 carcerali.

518 1863 1073 1959 Beneventani,
1155 1865 1279 1963 qui
1350 1865 1689 1936 Romane
1771 1862 2095 1937 ecclesie
2174 1866 2556 1957 suberant,

371 1964 620 2035 audito
675 1968 868 2061 quod
926 1965 1174 2061 papali
1234 1964 1593 2037 exercitui
1646 1964 1757 2036 sic
1810 1979 2176 2062 prospere
2228 1965 2556 2057 cederet,

366 2062 439 2133 in
469 2064 816 2159 Apuliam
846 2064 1385 2159 discurrentes,
1419 2066 1731 2161 predam
1762 2067 1985 2136 boum
2018 2074 2093 2135 et
2120 2063 2555 2135 animalium

365 2163 682 2235 aliorum
741 2187 1098 2259 magnam
1151 2174 1534 2261 ceperunt.
1639 2163 1925 2250 Quibus
1966 2186 2137 2234 cum
2174 2164 2555 2260 predictus

367 2286 628 2335 comes
682 2264 841 2335 Rao
891 2266 984 2336 de
1038 2263 1368 2337 Balbano
1422 2264 1496 2335 in
1553 2262 1791 2336 reditu
1844 2287 1930 2337 se
1968 2273 2407 2362 opponeret,
2461 2267 2554 2336 ab

366 2364 476 2436 eis
515 2364 850 2436 devictus
889 2374 1009 2436 est
1045 2374 1120 2437 et
1152 2366 1490 2461 fugatus:
1532 2376 1931 2462 propterea
1963 2364 2327 2462 magister
2353 2364 2557 2437 iusti·

363 2465 654 2560 tiariuS,
709 2465 1042 2538 collectis
1093 2466 1419 2561 undique
1458 2465 1737 2539 viribus
1778 2476 1855 2538 et
1889 2465 2033 2538 hiis
2074 2466 2195 2562 qui
2234 2465 2555 2562 impera-

362 2565 546 2638 toris
584 2564 814 2638 fidem
853 2570 1283 2662 servabant,
1335 2571 1426 2640 ab
1471 2592 1561 2639 ea
1600 2576 1811 2664 parte
1848 2591 1995 2664 que
2033 2566 2299 2639 dicitur
2334 2565 2554 2640 Porta

365 2690 666 2738 summa
701 2666 1023 2738 divastat
1057 2669 1130 2737 in
1171 2668 1659 2740 exterioribus
1697 2668 2240 2740 Beneventum.

509 2767 810 2838 Fratres
855 2766 1186 2839 Minores
1238 2767 1506 2863 ubique
1558 2791 1695 2864 per
1742 2790 2063 2862 regnum
2110 2767 2327 2838 iussu
2362 2766 2553 2859 Ray-

361 2865 559 2939 naldi
595 2866 806 2938 ducis
845 2866 1130 2963 Spoleti
1168 2867 1643 2964 expelluntur
1678 2870 1770 2942 de
1809 2889 2072 2962 regn0,
2124 2890 2298 2937 cum
2352 2865 2549 2936 dice·

360 2976 568 3038 retur
629 2971 820 3063 quod
885 2967 1029 3064 ipsi
1093 2971 1183 3040 ad
1247 2969 1577 3065 prelatos
1638 2966 2026 3040 civitatum
2090 2965 2546 3063 apostolicas

357 3066 664 3139 tulerint
699 3068 1014 3164 litteras,
1062 3079 1142 3140 ut
1179 3068 1524 3142 homines
1565 3067 2030 3161 inducerent,
2068 3069 2261 3164 quod
2302 3091 2387 3139 se
2424 3068 2548 3138 de-

359 3171 624 3240 berent
659 3170 974 3242 reddere
1007 3169 1309 3241 domino
1339 3193 1555 3266 pape.
1619 3170 1829 3240 Tunc
1857 3178 1933 3240 et
1962 3167 2311 3240 monachi
2340 3167 2547 3240 Casi-

359 3291 638 3341 nenses
676 3270 770 3340 de
807 3269 966 3342 suis
1003 3268 1445 3342 obedientiis
1485 3269 1722 3366 captis
1762 3268 2109 3341 omnibus
2144 3293 2289 3365 que
2320 3269 2547 3342 habe·

357 3371 558 3464 bant,
591 3368 1064 3465 expelluntur
1089 3369 1254 3465 ipso
1277 3372 1466 3442 duce
1489 3372 1919 3463 mandante,
1950 3379 2025 3440 et
2044 3379 2291 3442 metus
2314 3393 2544 3442 causa

355 3469 567 3541 multi
607 3493 698 3540 ex
736 3469 919 3566 ipsis
960 3480 1252 3541 mutare
1292 3469 1624 3541 habitum
1666 3479 1842 3542 sunt
1878 3468 2137 3541 coacti.

507 3569 802 3665 Papalis
855 3570 1230 3642 exercitus
1286 3569 1597 3642 consilio
1647 3570 1825 3642 inito
1881 3592 2149 3644 versus
2202 3572 2541 3667 Capuam

353 3669 581 3763 vadit,
637 3679 711 3741 et
758 3694 800 3740 a
841 3681 1050 3783 parte
1084 3671 1426 3767 Anglene
1442 3695 1601 3784 ..per
1633 3671 1958 3743 triduum
1996 3693 2291 3742 moram
2329 3669 2541 3763 fecit3

356 3779 519 3840 erat
555 3769 754 3840 enim
795 3769 1056 3842 civitas
1096 3774 1350 3869 Capue
1388 3772 1568 3845 viris
1609 3771 1891 3844 munita
1932 3782 2007 3843 et
2040 3771 2345 3866 viribuS,
2392 3795 2537 3867 que

351 3868 578 3942 fidem
617 3869 1052 3966 imperatori
1085 3873 1380 3968 integre
1419 3876 1937 3944 conservabat.
2001 3872 2177 3944 Post
2211 3871 2533 3946 triduum

352 3995 554 4042 vero.
568 3970 742 4042 inde
781 3995 866 4044 se
903 3995 1218 4045 movens
1256 3974 1548 4069 papalis
1588 3971 1987 4068 exercitus,
2024 3985 2291 4044 veisus
2321 3973 2536 4068 Ayla-

353 4093 530 4144 num
587 4071 835 4168 dirigit
885 4083 1128 4144 castra
1189 4097 1364 4168 sua,
1432 4078 1629 4170 quod
1693 4073 2087 4145 castellum
2152 4074 2531 4169 predictus

349 4171 797 4244 Acerrarum
837 4197 1094 4244 comes
1131 4177 1474 4261 tenebat3
1529 4185 1648 4247 set
1684 4173 1805 4270 qui
1844 4185 2060 4245 erant
2094 4172 2321 4269 intus,
2359 4199 2530 4248 cum

349 4294 436 4344 se
473 4296 702 4367 posse
739 4275 1145 4346 defendere
1178 4276 1696 4372 desperarent,
1732 4285 2009 4372 nepote
2039 4274 2275 4372 ipsius
2305 4276 2530 4349 comi-
