3050 4900
471 391 564 460 64
874 383 1436 458 RYCCARDUS
1493 384 1615 454 DE
1670 383 1741 455 S.
1800 382 2257 456 GERMANO

620 587 880 657 Mense
953 583 1135 654 Iunii
1211 583 1448 656 dictus
1521 607 1716 680 papa
1781 584 2055 655 Urbem
2132 582 2391 654 exiens
2456 582 2662 654 venit

471 685 930 782 Anagniam.‚
1002 695 1074 756 et
1137 708 1316 755 suos
1373 695 1552 755 tunc
1608 687 1699 755 ad
1757 683 2290 780 imperatorem
2357 683 2658 754 nuntios

473 787 752 882 dirigit3
829 795 906 856 ut
967 784 1103 856 sibi
1168 785 1461 856 fodrum
1529 784 1752 855 faciat
1816 787 1905 855 ab
1963 782 2387 856 hominibus
2445 783 2661 880 regni

471 887 780 980 deferri3
855 885 976 982 qui
1029 885 1351 956 Henrico
1407 887 1496 955 de
1553 886 1797 956 Morra
1856 883 2214 980 magistro
2268 883 2659 956 iustitiario

471 989 614 1059 hoc
650 987 1076 1058 faciendum
1118 986 1436 1080 delegat.

621 1088 1037 1182 Imperator
1073 1085 1237 1182 ipse
1275 1084 1709 1156 iustitiarios
1751 1107 2017 1156 omnes
2056 1084 2269 1179 regni
2310 1083 2423 1155 sui
2456 1085 2544 1156 ad
2576 1107 2661 1156 se

473 1189 546 1258 in
585 1187 914 1260 Siciliam
954 1197 1196 1280 vocat
1252 1186 1670 1258 reddituros
1728 1185 1863 1258 sibi
1916 1187 2007 1256 de
2060 1183 2387 1281 acceptis
2428 1183 2664 1254 omni-

475 1293 611 1360 bus
651 1287 1039 1357 rationem.

627 1389 919 1458 Interea
958 1409 1094 1482 per
1131 1395 1367 1456 totum
1409 1409 1728 1482 regnum
1766 1409 1901 1482 pro
1942 1383 2134 1456 felici
2176 1358 2490 1456 tiansitu
2524 1407 2662 1455 suo

477 1489 917 1582 generalem
960 1486 1350 1557 collectam
1392 1485 1731 1598 imponit,
1790 1496 1860 1556 et
1909 1496 2087 1556 tunc
2128 1485 2437 1557 collecte
2492 1493 2668 1556 sunt

480 1590 571 1658 de
625 1598 826 1658 teria
881 1586 1316 1658 monasterii
1375 1586 1589 1657 uncie
1629 1590 1795 1660 450.
1892 1587 2309 1682 Imperator
2362 1585 2525 1683 ipse
2576 1586 2665 1656 de

479 1687 726 1759 Sicilia
790 1687 862 1758 in
919 1687 1262 1784 Apuliam
1321 1687 1561 1781 venit,
1637 1686 1758 1782 qui
1816 1687 1903 1756 ad
1963 1711 2235 1781 papam
2294 1685 2667 1781 Reginum

481 1788 1131 1884 archiepiscopum
1186 1797 1257 1858 et
1298 1786 1741 1882 magistrum
1783 1790 2051 1858 domus
2090 1787 2669 1858 'leutonicoium

483 1890 772 1983 legatos
815 1887 1054 1958 mittit.

447 2061 454 2069 ,
631 1988 962 2059 Thomas
1003 1990 1093 2058 de
1132 1985 1417 2082 Aquino
1457 1967 1907 2058 Acerraluin
1950 2011 2203 2058 comes
2261 1986 2330 2056 in
2374 1986 2667 2080 Syriam

483 2089 922 2159 transfretat
991 2111 1258 2158 mense
1331 2087 1510 2158 Iulii.
1621 2089 2080 2162 Celanenses
2156 2111 2464 2200 omnes2
2546 2086 2667 2182 qui
2748 2136 2752 2139 -

487 2189 755 2286 captivi
794 2189 866 2259 in
897 2187 1143 2261 Sicilia
1183 2191 1633 2259 tenebantur
1670 2189 1877 2260 liberi
1910 2188 2401 2283 dimittuntur,
2439 2188 2671 2284 impe-

487 2300 733 2361 ratore
799 2291 1224 2360 mandante.
1331 2291 1614 2360 Eodem
1680 2313 1945 2361 mense
2010 2288 2434 2359 lancravius
2502 2312 2671 2359 cum

489 2413 708 2461 cruce
746 2389 1210 2485 signatorum
1251 2388 1580 2461 exercitu
1624 2392 1713 2461 de
1744 2389 2180 2461 Alamannia
2223 2389 2297 2461 in
2326 2389 2673 2485 Apuliam

490 2491 716 2583 venit,
771 2490 1220 2561 transiturus
1261 2490 1333 2559 in
1375 2490 1786 2562 subsidium
1828 2502 2026 2562 terre
2066 2501 2349 2563 sancte.

636 2590 846 2661 Tunc
881 2589 956 2659 in
984 2590 1322 2684 Anagnia
1365 2593 1686 2663 ducente
1724 2592 1962 2663 ferme
1992 2595 2288 2686 domus,
2328 2614 2519 2687 papa
2551 2589 2677 2662 ibi-

488 2692 658 2761 dem
701 2701 1082 2787 presente,
1122 2696 1512 2763 combuste
1554 2702 1748 2763 sunt.
1818 2694 2135 2765 Fodrum
2176 2701 2515 2788 portatur
2549 2690 2700 2761 ibia

490 2795 659 2861 dem
718 2790 926 2863 iussu
979 2791 1390 2888 imperiali,
1462 2796 1551 2864 ad
1613 2796 1802 2885 quod
1863 2792 2372 2890 recipiendum
2432 2801 2505 2861 et
2560 2815 2677 2862 as-

491 2891 942 2987 signandum
995 2892 1292 2988 quidam
1349 2896 1440 2964 de
1495 2894 1770 2965 Sancto
1819 2894 2194 2965 Germano
2234 2891 2680 2963 Guilielmus

490 2992 810 3062 Fallocio
851 2992 1155 3063 nomine
1195 3016 1332 3087 per
1366 2993 1898 3088 imperatorem
1940 2993 2383 3065 constitutus
2418 3002 2533 3063 est
2563 2991 2681 3065 ibi

645 3090 1072 3185 Stephanus
1139 3091 1573 3163 Casinensis
1632 3097 1861 3165 abbas
1927 3098 2038 3165 11
2097 3103 2343 3165 stante
2394 3091 2553 3162 Iulii
2609 3092 2681 3163 in

499 3190 687 3261 festo
749 3202 1008 3261 sancte
1056 3185 1407 3262 Praxedis
1466 3192 1537 3262 in
1580 3194 1851 3266 Casino
1892 3194 2087 3266 obiit.
2174 3193 2398 3266 Cuius
2439 3192 2683 3265 obitus

495 3301 648 3362 tam
689 3315 883 3387 pape
925 3316 1146 3387 quam
1186 3292 1617 3387 imperatori
1652 3319 1786 3392 pet
1816 3297 2182 3390 quosdam
2212 3296 2302 3365 de
2334 3292 2684 3365 fratiibus

500 3392 904 3487 nuntiatur,
961 3416 998 3461 a
1061 3392 1322 3487 quibus
1379 3395 1470 3463 de
1526 3395 1892 3466 electione
1940 3395 2279 3466 facienda
2319 3393 2689 3490 recipiunt

497 3492 572 3562 in
611 3491 1002 3562 mandatis.
1071 3492 1094 3509 “

645 3592 1064 3687 Imperator
1117 3616 1286 3663 cum
1340 3594 1815 3692 imperatrice
1856 3605 2203 3666 consorte
2244 3618 2376 3667 sua
2422 3618 2687 3665 mense

500 3693 815 3787 Augusti
844 3694 1256 3765 Ydrontum
1288 3696 1523 3787 vadit3
1566 3697 1684 3767 ubi
1721 3695 1975 3765 relicta
2007 3694 2483 3793 imperatrice
2516 3718 2689 3765 con-

507 3805 708 3865 sorte
765 3818 934 3887 sua7
1009 3794 1178 3865 inde
1235 3795 1435 3867 vadit
1489 3796 2029 3890 Brundusium⁷
2093 3796 2216 3867 ubi
2264 3806 2465 3867 totus
2519 3818 2689 3865 con-

504 3904 819 3965 venerat
876 3919 1094 3965 cruce
1149 3894 1616 3988 signatorum
1676 3897 2086 3990 exercitus⁷
2144 3906 2217 3967 et
2270 3896 2390 3969 ubi
2443 3894 2691 3965 omnia

506 3995 834 4065 vascella
877 3998 963 4065 ad
1005 3994 1640 4066 transfretandum
1688 3998 1966 4069 fecerat
2006 3996 2474 4093 congregari.

656 4096 946 4165 Interea
1019 4098 1120 4166 de
1174 4105 1323 4165 tota
1389 4096 1659 4167 Marsia
1729 4100 2027 4170 obsides
2096 4097 2507 4193 capiuntur.
2616 4096 2693 4165 ln

512 4196 820 4264 castello
875 4195 1136 4266 Gaiete
1196 4196 1650 4268 castellanus
1712 4210 1778 4269 et
1834 4198 2251 4269 servientes
2300 4208 2697 4293 ponuntur.
