3050 4900
538 458 680 529 116
936 456 1498 532 RYCCARDUS
1552 459 1675 531 DE
1728 459 1801 533 S.
1858 460 2317 533 GERMANO

483 718 488 721 .
531 656 756 729 citum
797 669 1235 755 congregat
1274 683 1462 755 quos
1493 660 1967 733 Introducum
2010 661 2228 733 mittit
2256 673 2518 734 contra
2546 662 2721 737 Ber-

529 758 811 831 toldum
865 759 1176 832 fratrem
1233 758 1591 853 Raynaldi
1644 760 1816 833 dicti
1855 762 2063 834 ducis
2100 762 2413 861 Spoleti,
2470 764 2719 860 quise

529 859 602 931 in
641 882 732 931 eo
773 868 1034 931 contra
1069 859 1605 958 imperatorem
1644 874 2051 957 r·.ecepe1at

678 960 994 1033 Romani
1033 984 1264 1058 super
1301 960 1707 1033 Viterbium
1746 966 2041 1035 vadunt.

679 1061 1090 1157 Gregorius
1122 1085 1313 1158 papa
1347 1063 1440 1134 de
1461 1063 1697 1135 Reate
1728 1073 1908 1160 aput
1935 1064 2463 1161 Interampnes
2496 1063 2719 1159 vadit,

529 1174 604 1236 et
673 1162 844 1235 inde
911 1162 1106 1235 vadit
1179 1162 1613 1257 Spoletum3
1694 1164 1814 1259 qui
1877 1163 2291 1259 generales
2344 1166 2436 1236 ad
2502 1164 2716 1260 regni

527 1262 858 1376 prelatos
911 1263 1196 1336 litteras
1246 1261 1533 1359 dirigit,
1588 1287 1683 1334 ne
1738 1264 1903 1359 quis
1954 1287 2215 1337 eorum
2272 1262 2715 1337 officialibus

527 1363 1029 1477 imperatoris,
1083 1362 1482 1435 occasione
1536 1363 1979 1437 defendendi
2024 1364 2555 1461 patrimonium
2596 1389 2715 1438 ec-

527 1462 756 1537 clesie
805 1464 1012 1561 ipsos
1067 1486 1386 1560 gravare
1437 1464 1885 1559 volentibus7
1943 1468 2452 1563 respondeant
2498 1477 2573 1537 et
2608 1466 2716 1537 in-

524 1569 853 1639 tendant.

669 1674 968 1746 Landus
1005 1672 1337 1769 Reginus
1377 1672 2047 1771 archiepiscopus
2033 1698 2103 1743 m
2136 1672 2710 1745 Messanensem

525 1774 842 1871 eligitur.

674 1894 1046 1965 lohannes
1100 1893 1190 1963 de
1242 1890 1537 1962 Baruch
1593 1891 1969 1962 civitatem
2008 1890 2543 1963 Anconitanam
2599 1916 2711 1963 re-

525 1992 700 2090 cipit
737 1992 808 2063 in
849 1992 1098 2065 odium
1139 1991 1636 2089 imperatoris.
1701 1993 1964 2064 Mense
2003 1991 2221 2065 Madii
2262 1992 2577 2066 Romani
2616 1996 2708 2065 de

521 2093 844 2167 Viterbio
885 2097 974 2166 ad
1017 2094 1289 2165 Urbem
1327 2094 1665 2165 redeunt.

671 2214 1088 2314 Imperator
1117 2214 1206 2283 ab
1230 2210 1623 2306 Aquilegia
1645 2234 1781 2308 per
1802 2234 2011 2282 mare
2036 2210 2261 2283 redit
2244 2236 2317 2281 in
2338 2211 2706 2322 Apuliam,

521 2338 756 2427 seque
788 2324 967 2425 aput
995 2304 1318 2383 Melfiam
1354 2312 1699 2405 contulit·
1739 2314 1827 2383 ad
1870 2335 2092 2407 quem
2135 2335 2305 2382 mox
2348 2314 2709 2408 magister

420 2440 428 2458 ⁸
520 2413 955 2488 iustitiarius
997 2423 1072 2485 et
1109 2412 1346 2485 dictus
1375 2414 1823 2485 Acerrarum
1857 2436 2113 2484 comes
2146 2415 2533 2486 accedunt.
2601 2416 2704 2486 Ad

521 2540 794 2612 papam
835 2513 1136 2586 nuntius
1179 2538 1268 2584 ex
1301 2524 1511 2610 parte
1545 2513 2019 2611 impetatoiis
2050 2511 2415 2610 magister
2445 2517 2703 2587 Petrus

520 2619 610 2689 de
650 2616 926 2688 Sancto
964 2615 1342 2686 Germano
1384 2613 1740 2710 dirigitur.

669 2735 950 2808 Eodem
1009 2757 1274 2807 mense
1326 2733 1702 2806 Iohannes
1758 2737 1849 2805 de
1888 2734 2179 2806 Baruch
2240 2756 2407 2803 cum
2471 2758 2705 2804 mare-

519 2837 770 2908 scalco
843 2834 1317 2932 imperatoris
1389 2834 1887 2930 congrediens
1961 2835 2029 2904 in
2101 2835 2433 2931 partibus
2489 2834 2705 2928 Sirie7

518 2936 766 3034 ipsum
805 2934 1077 3007 devicit
1111 2935 1182 3005 in
1225 2959 1492 3032 campo
1536 2945 1612 3006 et
1648 2935 1923 3006 multos
1966 2937 2163 3033 cepit
2202 2959 2289 3006 ex
2332 2935 2508 3006 suis.

664 3056 876 3150 Apud
909 3054 1298 3151 Spoletum
1322 3053 1731 3148 Gregorius
1767 3079 1956 3150 papa
1990 3057 2363 3150 quendam
2396 3054 2703 3126 fratrem

519 3155 920 3226 Antonium
976 3156 1066 3224 de
1123 3153 1380 3224 ordine
1436 3154 1745 3226 fratrum
1791 3155 2157 3224 Mincium
2212 3155 2705 3256 canonizavit,

519 3265 594 3326 et
632 3265 1063 3328 sanctoium
1103 3253 1448 3350 catalogo
1489 3255 1873 3328 mandavit
1908 3255 2198 3328 ascribi.

667 3373 926 3444 Mense
965 3372 1146 3444 Iunii
1185 3371 1486 3466 quidam
1517 3374 1847 3446 Thomas
1886 3378 1977 3447 de
2015 3376 2261 3446 Pando
2305 3373 2489 3446 civis
2528 3375 2705 3448 Sca-

517 3472 750 3545 lensis
803 3497 1076 3544 novam
1127 3484 1508 3546 monetam
1561 3475 1719 3547 auri
1776 3500 1919 3571 que
1975 3474 2392 3570 augustalis
2442 3474 2705 3549 dicitur

517 3575 606 3645 ad
661 3573 1019 3647 Sanctum
1078 3575 1542 3646 Germanum
1604 3575 1863 3646 detulit
1914 3575 2499 3648 distribuendam
2569 3600 2705 3673 per

514 3685 746 3746 totam
786 3675 1158 3748 abbatiam
1199 3687 1270 3747 et
1309 3699 1445 3772 per
1479 3675 1839 3748 Sanctum
1881 3675 2369 3770 Germanum,
2424 3686 2503 3747 ut
2540 3676 2705 3773 ipsa

519 3784 824 3847 moneta
861 3786 1162 3848 utantur
1197 3775 1547 3848 homines
1586 3777 1659 3848 in
1700 3775 2203 3872 emptionibus
2245 3789 2318 3848 et
2347 3777 2703 3848 venditio-

515 3875 733 3950 nibus
771 3875 957 3971 suis,
995 3877 1198 3948 iuxta
1237 3878 1571 3949 valorem
1610 3877 1675 3948 ei
1715 3881 1807 3950 ab
1839 3877 2207 3974 imperiali
2235 3877 2701 3975 providentia

515 3976 1026 4071 constitutum,
1084 3987 1160 4048 ut
1211 3977 1516 4074 quilibet
1569 4002 1921 4050 nummus
1974 4003 2247 4051 aureus
2302 3977 2705 4076 recipiatur

515 4088 588 4149 et
629 4081 1092 4174 expendatur
1129 4101 1262 4175 pro
1304 4087 1565 4173 quarta
1607 4079 1849 4173 uncie,
1904 4083 2041 4151 sub
2096 4103 2291 4176 pena
2342 4103 2700 4175 persona-

514 4201 678 4249 rum
746 4187 820 4248 et
881 4201 1134 4250 rerum
1191 4178 1262 4248 in
1318 4177 1825 4274 imperialibus
1880 4178 2183 4274 litteris7
2255 4204 2443 4276 quas
2502 4181 2699 4250 idem

517 4278 848 4350 Thomas
902 4278 1198 4370 detulit7
1269 4287 1643 4351 annotata.
1741 4280 2010 4376 Figura
2065 4279 2485 4377 augustalis
2542 4289 2703 4353 erat
