3050 4900
552 454 695 525 120
951 446 1512 521 RYCCARDUS
1567 446 1691 521 DE
1744 448 1815 521 S.
1874 446 2336 522 GERMANO

696 650 958 722 Mense
983 646 1221 719 Martii
1253 659 1559 721 senator
1588 671 1758 720 cum
1792 648 2167 720 nonnullis
2206 652 2297 722 de
2332 648 2735 723 maioribus

547 752 762 827 Urbis
802 752 890 821 ad
931 772 1204 847 papam
1247 759 1426 846 aput
1461 750 1881 845 Anagniam
1922 750 2227 843 vadunt7
2275 772 2590 845 quorum
2630 750 2739 821 in-

545 856 810 925 ductus
849 850 1220 962 precibuS,
1275 874 1444 921 cum
1485 850 1931 947 quibusdam
1972 873 2061 920 ex
2105 850 2602 922 cardinalibus
2642 853 2733 921 ad

547 955 820 1027 Urbem
871 949 1086 1046 redit,
1139 949 1258 1022 ubi
1317 971 1487 1021 cum
1525 950 1813 1022 honore
1856 950 2182 1022 maximo
2224 951 2737 1024 Romanorum

547 1063 900 1169 receptus
941 1061 1082 1147 est,
1121 1060 1198 1122 et
1230 1074 1408 1148 pais
1447 1051 1733 1148 reliqua
1764 1052 2255 1123 cardinalium
2284 1062 2463 1149 aput
2492 1054 2737 1147 Anag-

547 1156 747 1227 niam
786 1150 1170 1224 remansit.

696 1252 1058 1348 Magister
1111 1250 1442 1323 Thomas
1500 1250 1901 1323 cardinalis
1966 1253 2057 1323 de
2124 1254 2473 1323 mandato
2540 1276 2735 1349 pape

548 1379 755 1428 cum
846 1362 1080 1449 ‚aput
1107 1350 1512 1424 Viterbium
1550 1351 1749 1423 vadit
1780 1374 1917 1449 pro
1960 1352 2505 1450 compositione
2541 1354 2738 1423 inter

544 1457 930 1530 Romanos
969 1461 1046 1523 et
1087 1452 1591 1525 Vitelbienses
1631 1452 1991 1524 facienda.

696 1556 957 1627 Mense
985 1552 1258 1653 Aprilis
1299 1554 1414 1626 die
1458 1554 1637 1625 lune
1676 1556 1790 1628 25.
1834 1553 2121 1625 mensis
2160 1553 2501 1625 eiusdem
2538 1552 2733 1625 circa

543 1655 965 1747 meridiem,
1019 1654 1094 1725 in
1143 1653 1339 1727 festo
1397 1654 1684 1727 scilicet
1734 1653 1931 1725 beati
1969 1653 2197 1725 Marci
2236 1655 2733 1750 euangeliste7

546 1758 742 1831 aeris
785 1753 1192 1828 seienitate
1234 1765 1543 1849 mutata7
1583 1777 1729 1852 que
1768 1754 1997 1825 multa
2032 1764 2216 1825 erat.
2256 1764 2460 1826 tanta
2490 1754 2731 1830 subito

543 1866 972 1967 tempestas
1003 1854 1366 1926 inhorruit
1405 1864 1480 1926 et
1514 1853 1909 1925 inundacio
1943 1855 2135 1925 facta
2168 1866 2286 1926 est
2311 1855 2731 1969 pluviarum

544 1963 638 2031 ‹le
670 1954 1018 2054 supernis
1051 1956 1362 2028 veniens
1393 1956 1799 2028 montibus
1838 1954 2196 2026 ammixta
2222 1954 2733 2052 grandinibus,

547 2062 635 2132 ad
692 2058 1049 2130 Sanctum
1107 2056 1595 2149 Germanum,
1648 2060 1843 2153 quod
1902 2058 2167 2128 domos
2223 2053 2677 2131 nonnullas
2659 2080 2731 2125 in

546 2160 740 2231 valle
779 2156 1097 2255 replevit
1132 2158 1402 2229 alluvio
1435 2168 1509 2229 et
1538 2161 1933 2230 domorum
1965 2155 2341 2249 utensilia„
2378 2157 2629 2229 oleum
2660 2166 2735 2227 et

546 2259 890 2332 victualia
931 2259 1162 2329 multa
1202 2283 1462 2331 secum
1499 2256 1799 2330 fluendo
1841 2257 2161 2330 deduxit.
2268 2257 2463 2330 Saxa
2505 2256 2731 2329 etiam

546 2364 637 2434 de
695 2358 1072 2431 montibus
1127 2370 1280 2431 tam
1337 2358 1649 2458 grandia
1703 2357 1971 2454 movit,
2026 2360 2219 2456 quod
2283 2382 2370 2429 ea
2429 2359 2730 2431 trahere

473 2491 482 2498 ·
546 2462 774 2533 multa
818 2459 1019 2557 paria
1060 2463 1335 2533 bovum
1375 2484 1525 2532 non
1566 2461 1923 2532 valerent.

697 2561 1124 2654 Raynaldus
1182 2561 1417 2632 dictus
1469 2560 1753 2658 Spoleti
1806 2566 1948 2632 dux
2005 2562 2352 2632 mandato
2410 2560 2732 2657 impera-

544 2662 728 2734 toris
784 2661 1075 2733 ducitur
1127 2672 1305 2759 aput
1339 2662 1815 2733 Introducum
1858 2665 1994 2733 sub
2034 2663 2367 2733 custodia
2407 2664 2498 2733 ab
2535 2662 2732 2733 Hen-

544 2763 700 2834 rico
766 2765 856 2835 de
923 2763 1164 2833 Morro
1231 2762 1595 2857 magistro
1660 2761 2083 2857 iustitiario,
2165 2772 2243 2833 ut
2312 2762 2511 2835 idem
2584 2764 2730 2833 dux

548 2875 876 2936 castrum
943 2863 1186 2960 ipsum
1254 2862 1456 2935 reddi
1521 2863 1746 2935 faciat
1804 2862 2233 2960 imperatori
2289 2887 2330 2934 a
2381 2861 2728 2933 Bertoldo

545 2965 773 3037 fratre
831 2989 968 3036 suo
1023 2965 1144 3060 qui
1183 2964 1356 3037 illud
1395 2968 1735 3058 tenebat3
1794 2967 1988 3059 quod
2028 2963 2278 3055 facere
2318 2963 2517 3034 idem
2556 2962 2731 3033 Ber-

542 3065 787 3136 toldus
830 3068 917 3135 ad
957 3065 1453 3138 interventum
1487 3063 2002 3136 Messanensis
2042 3063 2589 3160 archiepiscopi
2619 3085 2732 3134 re-

596 3165 903 3236 romisit.

543 3193 590 3263 p
693 3266 846 3338 Pax
881 3264 1076 3336 inter
1103 3265 1483 3336 Romanos
1518 3275 1591 3337 et
1617 3265 2125 3337 Viterbienses
2158 3265 2559 3337 reformata
2592 3274 2731 3336 est.

693 3366 1107 3462 Imperator
1142 3366 1574 3438 Messanam
1614 3366 1863 3462 intrat,
1919 3377 1993 3438 et
2030 3362 2133 3437 'de
2180 3368 2502 3462 quodam
2542 3366 2731 3436 Mar·-

548 3463 698 3536 tino
751 3467 1112 3560 lVlallone7
1185 3466 1308 3563 qui
1374 3478 1601 3564 caput
1662 3468 1905 3538 fuerat
1955 3477 2156 3538 mote
2214 3465 2599 3538 seditionis
2654 3465 2727 3536 in

547 3566 846 3664 populo⁷
903 3577 977 3638 et
1031 3566 1192 3639 eius
1244 3567 1729 3664 complicibus
1783 3567 2108 3664 sumpsit.
2155 3567 2475 3640 debitam
2518 3565 2729 3638 ultio-

543 3690 747 3762 nem,
803 3670 892 3739 de
940 3668 1204 3765 quibus
1245 3673 1610 3765 quosdam
1650 3667 2061 3764 suspendio
2104 3677 2179 3739 et
2214 3667 2641 3764 quosdam
2622 3692 2730 3738 ln

543 3768 805 3841 cendio
846 3769 1442 3866 condempnavit.

689 3869 955 3943 Mense
994 3870 1211 3943 Madii
1266 3894 1395 3966 pro
1449 3891 1573 3940 sei
1578 3867 1752 3939 vitio
1793 3868 2105 3940 militum
2149 3872 2247 3942 60
2284 3881 2355 3942 et
2396 3868 2728 3942 serviem-

542 3969 736 4041 tibus
795 3970 1174 4064 ducentiS‚
1229 3970 1302 4040 in
1356 3969 1619 4066 quibus
1678 3972 1767 4040 ab
1825 3973 2090 4042 abbate
2144 3969 2539 4044 Casinensi
2593 3967 2730 4041 sibi

545 4069 806 4149 serviri
861 4074 1132 4144 debere
1183 4070 1595 4166 imperator
1648 4067 1976 4165 dicebat,
2042 4070 2355 4143 collecte
2412 4080 2587 4143 sunt
2640 4071 2729 4140 de

540 4180 741 4242 terra
778 4170 1212 4244 monasterii
1250 4169 1466 4241 uncie
1505 4175 1671 4244 400.

690 4270 1237 4344 Florentinates
1288 4295 1522 4369 super
1569 4271 1811 4345 Senas
1866 4276 2145 4345 vadunt
2202 4282 2373 4368 post
2413 4269 2731 4369 prohibi·-
